2498 4358
277 221 357 332 De
381 217 633 335 Medicina
660 215 859 332 Mentis.
964 147 965 150 Ὺ
1053 230 1086 316 2
1093 227 1161 344 55

85 441 174 503 rum
194 412 284 498 solis
314 411 479 502 sensrbus
505 411 672 500 externis
696 413 880 522 Epicurus
898 404 1019 492 fidem

85 535 309 621 habendam
339 533 414 620 esse
449 536 613 636 docuit3
653 533 762 619 unde
776 532 896 643 plura
913 528 1020 644 sequi

86 657 225 745 absona
243 659 398 747 abunde
416 668 456 748 δι
475 657 576 745 clare
605 656 910 746 demonstratum
927 652 1019 742 fuit.

84 782 216 897 'Atqui
246 784 322 869 sane
351 785 411 870 his
449 810 589 870 verum
625 787 764 896 nequit
799 778 1018 867 consrsterea
1137 895 1139 901 Ι

86 908 181 994 ideo
199 918 292 1000 vero
319 908 446 1000 sensus
464 907 629 995 minimi
659 907 873 1016 rejiciendi3
900 904 952 990 ast
970 901 1020 988 ab

84 1033 167 1143 alijs
183 1034 440 1126 facultatibus
459 1035 580 1125 causa
599 1035 815 1121 eorundem
840 1027 1021 1118 dissensit

84 1162 327 1272 exquirendae
339 1203 352 1264 3
380 1187 424 1246 ac
443 1160 470 1246 fi
490 1189 591 1248 verae
609 1176 833 1274 appareant,
859 1182 937 1241 non
963 1151 1018 1238 est

84 1313 154 1372 cur
186 1288 334 1404 aliquid
369 1288 477 1396 dubij
494 1287 653 1373 -exinde
679 1288 840 1374 oriatur.
893 1281 1018 1368 Sicuti

84 1436 212 1522 quum
226 1440 287 1499 res
304 1438 375 1523 pro
393 1410 515 1522 longo
535 1410 643 1521 spatij
667 1408 874 1495 interuallo
891 1406 1018 1492 mino·

84 1560 145 1618 res
157 1562 280 1649 quam
294 1536 469 1650 proxime
451 1533 701 1641 adjacentes
714 1532 1015 1640 conspiciantur.

83 1659 209 1765 Cujus
226 1662 282 1741 rei
309 1653 419 1743 causa
437 1657 526 1743 satis
549 1675 644 1741 nota
664 1655 732 1738 est.
784 1659 923 1768 ltaque
943 1649 1018 1738 hoc

81 1780 205 1866 modo
232 1809 293 1865 res
310 1785 455 1895 percipi
487 1779 654 1865 debent
654 1805 727 1892 pro
743 1775 846 1863 varii
878 1802 1017 1864 earum

82 1905 272 1992 distantii.
326 1914 477 1993 Harum
514 1909 636 2020 igitur
666 1905 910 2019 imaginatrix
949 1901 1018 1988 de·

82 2034 208 2144 pingit
231 2029 373 2143 figuras
403 2034 583 2139 majores,
608 2049 656 2118 ut
685 2031 812 2118 oculis
843 2029 1019 2117 distanti·

81 2157 156 2242 bus
187 2159 372 2258 minores,
397 2175 516 2267 prout
542 2155 690 2241 scilicet
722 2183 791 2267 par
814 2155 882 2258 est,
908 2154 1019 2240 vide·

78 2299 221 2367 antur:
268 2278 426 2380 Quibus
464 2285 654 2366 memoria
686 2279 895 2384 consentit,
932 2306 1020 2392 qua

80 2430 219 2488 earum
252 2399 383 2487 reveri
414 2405 606 2511 majorum
637 2407 835 2509 meminit,
860 2405 1021 2519 quando

79 2523 205 2636 prope
233 2522 417 2628 adeffent,
456 2533 498 2610 &
531 2552 604 2638 pro
641 2524 818 2613 durantia
847 2531 1020 2618 minores

79 2645 355 2764 repraesentari.
408 2653 518 2736 Hanc
537 2677 622 2736 rem
653 2656 853 2764 cognitam
879 2658 934 2738 ita
952 2655 1021 2740 ha-

80 2774 176 2859 bere
195 2774 312 2881 judex
340 2770 544 2878 decernit3
570 2799 692 2887 quam
710 2777 874 2889 quidem
903 2783 1020 2866 ratio·

79 2897 235 2986 cinandi
266 2893 434 2985 facultas
462 2927 512 2987 ex
546 2899 666 2987 caufis
686 2902 864 2989 deduxit.
918 2909 1019 3008 Qui·

80 3021 158 3108 bus
178 3023 340 3108 demum
372 3023 638 3113 animadverfis
670 3033 710 3112 δι
738 3027 1019 3141 comprehensis

80 3141 201 3234 fidem
220 3173 333 3233 mens
351 3145 521 3233 adhibet.

138 3401 263 3486 Sicuti
283 3423 419 3490 autem
439 3401 598 3490 senfibus
616 3404 796 3508 externis,
820 3405 875 3489 ita
896 3405 1017 3493 etiam
1036 3445 1180 3526 cm„

78 3526 352 3636 imaginationi
368 3530 527 3636 accidit,
553 3550 602 3619 ur
620 3557 749 3645 neque
767 3530 953 3616 eidem
921 3554 1075 3619 crrca²
1037 3534 1120 3591 ”””
1093 3550 1176 3592 ””’

81 3652 294 3758 propriar
268 3650 335 3734 sbi
373 3595 531 3762 objecti
565 3652 803 3739 credendum
835 3651 908 3755 fit·
953 3655 1020 3742 nifi
1037 3613 1176 3774 isim·

80 3774 179 3864 dum
193 3775 285 3864 huic
304 3804 396 3867 cum
409 3784 569 3896 reliquis
589 3776 784 3896 conuenit.
827 3779 1016 3892 Fingime
1033 3775 1166 3932 ciffi·

896 3906 1017 4015 igitur
