2498 4358
263 250 345 360 De
370 244 620 364 Medicina
642 245 842 361 Mentis.
1043 259 1146 387 223

79 423 206 542 quud,
234 423 330 509 dum
351 421 475 510 ‘unici
505 453 547 510 re
586 426 818 529 continetur,
856 424 906 508 ad
924 422 1019 512 fines
1128 480 1129 484 κ

80 550 247 636 scientiae
294 546 458 644 ulterius
510 547 764 661 proferendos
815 549 1017 635 conducit.

81 672 150 760 Ad
182 672 285 756 hunc
315 672 481 757 modum
521 672 704 778 judicium
737 670 945 759 deducitur
979 677 1019 757 in

82 793 240 907 Analysr
259 795 467 896 numerali,
494 795 605 906 quod
632 795 683 880 ad
713 796 826 909 plura
844 795 1021 881 extendi-

82 939 162 1020 tur,
190 948 278 1032 quae
297 947 373 1031 ope
406 915 576 1024 ejusdem
598 923 823 1031 precogniti
851 918 1020 1030 intelligi

82 1039 251 1158 pellunt.
305 1042 424 1128 Adel)
457 1060 504 1125 ut
531 1067 668 1125 norma
699 1041 784 1147 fiat,
809 1039 1020 1129 secundum

82 1196 204 1283 quarn
224 1167 352 1254 multa
369 1183 566 1278 reguntur,
593 1173 633 1252 &
652 1194 740 1279 quae
772 1167 935 1254 demunt
960 1170 1022 1281 ip·

83 1288 124 1375 sa
155 1290 371 1377 adhibenda
405 1292 471 1389 eil,
500 1287 598 1372 dum
628 1317 739 1372 mens
765 1290 927 1388 ulterius
952 1320 1021 1376 ve·

84 1439 173 1497 rum
195 1414 378 1500 falsumve
393 1411 604 1519 investiget.
659 1415 719 1495 Sic
737 1411 851 1498 unici
867 1442 909 1497 re
927 1440 1020 1524 tog·

84 1530 168 1617 niti
195 1553 279 1618 tota
314 1563 374 1618 ars
392 1541 609 1637 extruitur3
636 1539 762 1623 veluti
793 1566 843 1623 ex
866 1539 1023 1625 theore-

86 1676 210 1759 mate,
255 1659 363 1770 quod
404 1659 636 1773 Pythagorae
676 1663 926 1752 attributum*
952 1663 1021 1766 est,

84 1808 219 1865 norma
237 1780 303 1864 illa
324 1782 604 1887 Arithnreticae,
631 1812 681 1869 ex
716 1784 792 1900 qui
820 1781 1019 1900 Multipli-

86 1908 188 1991 catio
206 1907 388 2019 progredi
404 1906 515 2015 solet,
542 1911 796 2023 praestituitur.

139 2163 235 2256 Quo
270 2162 434 2270 quidem
462 2159 582 2247 modo
613 2162 799 2268 judicium
833 2166 938 2276 ptius
967 2163 1187 2260 adsensun

85 2283 255 2366 alterum
271 2280 519 2370 inferendum
535 2285 716 2370 conducit
730 2328 742 2387 t
769 2316 813 2371 ac
827 2289 916 2372 dein
931 2285 1019 2398 plu·
1029 2280 1140 2344 ‘W'

84 2434 126 2489 ra
145 2406 281 2488 ordine
302 2405 371 2492 suo
390 2407 553 2492 seriatim
573 2406 772 2522 sequentia
791 2411 1020 2523 cognoscen-

87 2529 130 2612 di
165 2528 284 2612 cause
313 2532 500 2617 evadunt.
554 2538 703 2622 Verum
739 2533 821 2619 sane
854 2539 922 2636 est,
950 2536 1021 2620 fal-

44 2690 48 2698 ·
86 2655 172 2742 sum
191 2653 338 2769 ubique
353 2654 558 2742 admissum
574 2655 676 2769 polle
697 2658 792 2743 hanc
807 2657 942 2744 seriem
961 2664 1022 2742 in-

85 2798 343 2890 terrumpere,
381 2810 425 2865 ac
464 2782 552 2867 dein
591 2781 642 2866 de
680 2783 932 2896 sequentibus
967 2786 1023 2870 nil

88 2907 185 3013 certi
217 2903 360 2987 exinde
390 2907 583 2990 constare:
630 2911 721 2993 Nec
758 2907 1019 2996 dubitandum
1144 3013 1148 3023 ἱ

88 3033 185 3140 quin
213 3058 261 3113 ex
286 3032 393 3135 varijs
411 3059 542 3115 rerum
562 3032 778 3141 generibus,
806 3034 1022 3146 earumque

88 3160 234 3242 ratione
268 3157 493 3269 multiplici,
519 3155 612 3264 saepe
646 3158 795 3272 aliquid
822 3163 1020 3243 incerti&

86 3279 232 3366 confusr
252 3286 404 3390 irrepat.
460 3288 605 3394 Neque
617 3282 712 3366 verb
727 3282 766 3365 id
787 3281 1024 3389 mirandum

86 3405 246 3517 quando
277 3406 523 3517 negligentiae
541 3431 680 3515 parum
700 3423 769 3490 aut
789 3409 953 3505 incuriae,
981 3410 1020 3494 in

86 3533 287 3618 rationum
320 3532 410 3616 serie
443 3553 617 3617 catenant
639 3533 814 3645 aliquant
841 3531 1024 3618 nonsatis

88 3655 341 3758 advertendo,
365 3678 413 3744 ut
450 3658 490 3742 id
523 3647 649 3765 opens
680 3653 942 3744 inconfellunr
979 3656 1073 3748 fit(¹

89 3775 241 3867 efficere
268 3780 408 3895 ualeat
461 3781 590 3881 Quale
623 3777 798 3898 proiectu
817 3778 1033 3981 etiamfilin«

943 3925 964 3980 c
984 3923 1024 3980 a·
