2498 4358
274 262 356 370 De
381 264 631 377 Medicina
658 197 871 367 Mentis.
999 357 1011 394 ,¹
1066 241 1172 392 1832

93 466 238 531 nuntut
288 477 377 562 quae
424 480 472 532 ex
513 453 638 559 gentis
688 447 883 554 cujusdam
937 471 1026 528 con-

88 568 294 656 suetudine
349 573 611 675 deducuntur,
657 574 782 685 qualis
814 566 917 653 forte
955 584 1024 651 aut
1153 640 1154 643 t

88 697 222 804 ignota
276 694 334 797 stt,
385 717 453 777 aut
505 699 567 778 vix
624 700 789 806 cognitu
846 690 917 775 alia
975 691 1024 771 de

88 848 132 903 te
188 820 316 929 digna,
358 818 478 931 quam
519 820 568 903 ad
612 813 835 903 'locutionis
873 813 1023 899 sensum

87 942 211 1054 probe
281 942 528 1052 capiendum.
595 949 762 1028 Verum
811 937 898 1023 sane*
957 939 1024 1039 est,

87 1069 239 1175 linguas
291 1064 446 1177 quasvis
495 1095 544 1149 ex
595 1064 664 1148 usu
723 1062 858 1171 populi
912 1061 1024 1167 hujus

87 1189 154 1272 vel
176 1195 189 1248 ί
217 1190 320 1272 illius
387 1195 652 1300 provenientes
711 1186 841 1272 multu
900 1189 1022 1294 magis

86 1311 297 1396 istiusmodi
347 1312 575 1398 dictionibus
624 1308 744 1424 quam
786 1313 930 1393 caetetis
955 1311 1022 1393 ab·

87 1436 251 1535 undare,
296 1443 334 1521 &
380 1438 544 1547 quidem
587 1437 625 1516 in
652 1433 806 1545 lingulis
838 1432 1021 1542 gentibus

77 1583 209 1668 penes
226 1555 340 1642 usum
362 1559 551 1672 loquendi
569 1585 704 1641 norma
725 1555 922 1638 statuenda
942 1557 1019 1654 est3

85 1678 264 1792 ideaque
302 1710 350 1762 ex
387 1683 543 1793 propriis
581 1680 718 1789 populi
755 1675 810 1761 sui
849 1678 1022 1760 moribus

88 1810 316 1888 Romanum
352 1807 464 1918 loqui-
496 1805 663 1904 decere3
702 1802 760 1887 At
791 1803 938 1914 praestat
974 1829 1023 1887 ex

71 1926 307 2034 hujusmodi
336 1930 475 2041 lingua
507 1933 720 2042 pomoerijs,
747 1957 834 2042 quae
848 1933 925 2034 jam
947 1957 1023 2016 non

88 2052 157 2136 nifi
189 2053 436 2137 eruditorum
468 2059 535 2156 est,
573 2053 722 2141 easdem
756 2055 1024 2156 exterminare,

89 2192 161 2259 aut
185 2173 323 2258 saltem
357 2205 434 2259 non
462 2178 526 2259 nifi
556 2175 774 2260 neceffitate
802 2177 956 2261 adactos
984 2179 1022 2262 in

89 2298 240 2408 scriptis
259 2302 332 2398 uti,
360 2326 447 2409 quae
480 2297 503 2382 a
530 2299 809 2386 consuetudine
839 2300 1023 2411 pendent,

87 2424 197 2524 cujus
220 2423 375 2505 nullum
397 2450 573 2534 unquam
595 2444 845 2506 momentum
858 2423 938 2505 dati
954 2452 1025 2534 po·

85 2544 175 2627 test.
230 2546 289 2630 Ac
323 2544 445 2628 modu
477 2545 551 2626 hoc
578 2545 701 2647 fieret,
731 2544 928 2653 limpidius
946 2550 1023 2630 flu·

58 2675 175 2751 'eret
205 2665 342 2767 sermo,
373 2672 413 2771 ijs
445 2669 653 2775 praesertim
678 2672 840 2757 vocibus
865 2669 1025 2763 ditatus,

84 2821 257 2904 quatum
309 2793 435 2874 fontes
474 2794 593 2877 lucidi
634 2801 671 2876 in
703 2792 841 2879 natura
877 2814 1023 2900 extant,

85 2915 274 3027 quaeque
306 2943 383 2998 non
428 2914 475 2996 ad
515 2921 669 2999 unicam
709 2917 896 3002 duntaxat
928 2945 1024 3028 gen-

84 3062 172 3126 tem
212 3041 421 3147 pertinent,
461 3036 594 3120 verum
626 3038 673 3122 ad
708 3041 915 3125 donorum
955 3069 1021 3124 na-

82 3162 252 3263 tionem,
278 3157 504 3273 ubicunque
537 3186 604 3267 per
640 3162 778 3246 orbem
812 3160 929 3274 sparsa
958 3161 1020 3245 fu·

83 3303 173 3370 ent·

138 3531 336 3630 Quoniam
356 3529 548 3638 judicandi
564 3526 726 3618 facultas
744 3552 808 3616 tot
829 3531 1019 3648 tantisque
1034 3577 1188 3660 ΜΨ

79 3650 243 3741 dOfibUS
274 3656 376 3758 Clara
407 3655 475 3757 est,
503 3652 593 3738 ideo
619 3682 690 3766 pro
710 3657 860 3769 integra*⁴
885 3682 1018 3745 mente
1035 3669 1190 3728 mentetua.

486 3778 528 3862 N
556 3804 583 3882 4
969 3780 1019 3862 ab
