2498 4358
259 225 339 333 De
369 222 616 339 Medicina
645 229 846 339 Mentis.

84 417 282 516 excitavit,
322 443 411 525 quae
431 419 573 500 mentis
604 413 815 498 luminibus
834 407 1017 513 officeren

80 538 207 650 r'rtque
235 566 280 622 ea
312 538 593 645 obstupesceret
611 541 650 619 in
671 537 784 621 causas
805 535 910 618 esset.
967 543 1016 620 Et

81 662 265 748 laudatus
278 661 344 742 ille
360 661 423 771 (a)
442 684 553 746 autor
565 659 755 772 praemissi
768 661 943 771 proxime
963 658 1017 740 faa

81 785 181 871 bula·
198 784 376 884 ostendit,
402 813 484 896 quo
507 793 616 892 paeto
636 782 860 868 adulatoriae
882 783 1017 867 laudes

81 912 280 1021 stuporem
307 909 445 994 itidem
483 928 643 1010 creant;
671 915 709 994 in
736 909 815 1021 qui
853 912 960 993 torvi
992 906 1017 990 a

79 1032 336 1119 collaudante
371 1033 489 1144 vulpe
529 1035 658 1145 stupor
711 1032 898 1144 deceptus
950 1032 1017 1113 esta

81 1159 247 1244 Interim
277 1156 515 1269 percipiendi
535 1155 696 1243 facultas
727 1185 868 1242 munus
900 1153 1015 1241 suum

82 1299 170 1364 tam
196 1279 364 1364 fideliter
397 1281 493 1387 obijt
523 1281 644 1390 vulgo
663 1279 866 1392 descripto,
892 1278 1014 1394 quim

85 1408 171 1514 regi
193 1403 286 1487 inibi
306 1404 473 1506 laudato
501 1448 512 1506 ς
540 1403 603 1488 sed
622 1406 761 1513 vulgus
794 1405 888 1487 hanc
911 1396 1017 1505 vrema

81 1528 209 1642 qualis
243 1529 462 1637 apparebat,
506 1530 662 1636 fimplex
693 1533 888 1641 concepit,
914 1531 1013 1612 astu-

1088 242 1156 376 aa

80 1654 182 1735 tiam
212 1652 306 1735 vero
345 1652 560 1737 medicaslri
598 1680 675 1736 non
723 1653 869 1736 calluit.
936 1638 1014 1738 Uti
1104 1695 1110 1703 ·

79 1765 207 1863 etiam
235 1781 274 1861 in
320 1780 526 1888 posteriore
564 1779 761 1889 exemplo,
816 1778 1016 1892 quodnam

80 1899 313 1984 blandientis
348 1903 475 2012 vulpis
515 1899 609 1984 esl'et
646 1901 844 1991 consilium
876 1931 1013 2009 corvus

82 2031 274 2138 ignoravit
302 2070 313 2130 ς
351 2047 392 2110 at
413 2029 478 2112 nisr
512 2029 635 2140 probe
667 2032 745 2116 vim
779 2031 1014 2117 laudationis?

162 2371 211 2453 (a)
231 2380 331 2462 Qum
343 2363 380 2441 de
389 2361 508 2439 fenestra
521 2380 633 2440 Corvus
645 2358 770 2462 {raptum
784 2376 895 2441 caseum

121 2487 252 2554 Comesse
276 2490 365 2551 vellet
379 2483 454 2546 celsa
479 2480 598 2548 residens
610 2490 722 2557 arbore,

122 2597 207 2664 Hunc
220 2600 296 2661 vidit
317 2597 437 2678 Vulpes,
457 2594 564 2657 deinde
588 2590 624 2655 stc'
647 2594 734 2676 coep'lt
756 2594 857 2673 lo'qui:

121 2719 152 2772 Ο
177 2712 231 2795 qui
248 2727 369 2778 tuarum,
387 2709 491 2776 Corve,
512 2720 668 2787 pennarum
695 2705 733 2764 est
751 2704 847 2763 nitor!

120 2821 269 2900 Quantum
292 2815 401 2878 decoris
418 2829 537 2895 corpore
561 2811 593 2872 δι
616 2811 700 2876 vultu
713 2816 814 2894 geris!

121 2924 152 2982 Si
176 2944 277 2985 vocem
299 2925 428 2997 haberes,
449 2912 531 2980 nulla'
557 2919 635 3002 prior
650 2923 710 2982 ales
727 2923 812 2986 sotera

121 3031 161 3089 At
177 3028 231 3090 ille
244 3030 347 3098 ssusrus,
367 3030 437 3090 dum
451 3024 509 3086 volt
534 3040 635 3084 vocem
654 3026 801 3092 ostendere

57 3138 60 3143 ’
119 3125 220 3200 Emisit
244 3162 293 3202 ore
307 3127 428 3207 caseum,
447 3153 535 3218 quem
560 3133 691 3196 celeriter

119 3232 232 3303 Dolosa
246 3245 356 3325 Vulpes
368 3242 460 3302 avidis
481 3243 575 3326 rapuit
589 3245 732 3307 dentibus.

120 3341 200 3413 'snm
215 3351 333 3413 demum
352 3351 491 3433 ingemuit
503 3349 592 3413 Corvi
608 3350 739 3435 deceptus
760 3337 863 3436 slupor.

766 3514 843 3577 ibid.
863 3516 930 3578 fab.
951 3526 994 3600 13‘r

890 3706 1014 3792 saissa
