2498 4358
127 278 129 283 -
260 210 346 320 Da
368 208 615 324 Medicina
642 215 835 329 Mentis.

83 404 249 533 percipit
286 403 567 518 disciplinarum
586 403 749 503 fructus,
778 401 945 515 ideoque
958 428 1023 483 na

1058 246 1155 364 ιη

84 551 183 615 turae
210 533 341 668 magis
363 527 663 617 consentaneum
685 529 842 614 videtur
863 524 1020 610 eosdem
1082 540 1087 548 '

84 655 168 765 pari
197 654 415 735 rationein
451 650 643 736 memoria
674 648 869 754 asservare,
897 676 940 734 ac
973 673 1020 729 ea

84 805 154 888 per
186 802 310 887 quam
342 773 512 886 primum
541 776 692 862 collecti
715 803 759 857 ac
787 774 919 859 traditi
936 774 1019 861 sue·

85 907 176 986 rint.
231 899 370 998 Qualis
397 898 557 1012 quidem
584 899 797 984 methodus
817 929 894 987 non
914 902 1027 987 mul-.

84 1025 172 1110 tiam
191 1027 238 1110 ab
269 1024 385 1108 isthic
404 1017 570 1131 abludit,
599 1056 686 1140 quae
705 1031 743 1110 in
764 1031 937 1140 gentium
952 1027 1021 1110 de·-

87 1150 275 1236 ducendis
297 1147 475 1261 prosapiis
506 1150 529 1235 a
566 1179 749 1263 generum
781 1150 1018 1263 fingulorum

87 1280 279 1390 capitibus
312 1274 490 1377 obtinet3
527 1277 595 1362 ubi
623 1278 764 1362 eidem
802 1278 913 1390 stirpe
940 1280 1020 1360 ori-

82 1399 198 1486 undae
212 1399 260 1481 ad
276 1401 425 1509 generis
442 1418 621 1483 autorem
642 1401 875 1503 reseruntur,
896 1420 1018 1515 atque

84 1529 141 1610 ita
161 1520 267 1639 quafi
301 1520 491 1632 colligatae
508 1543 721 1656 tanquam
725 1553 848 1623 unum
869 1524 1018 1655 aliquid

83 1650 282 1731 memotiae
318 1644 562 1730 mandantur.
615 1644 698 1736 Hic
712 1634 905 1759 profesti)
937 1645 1020 1730 arte

83 1768 272 1883 quispiam
291 1768 339 1853 ad
362 1767 585 1855 discendum
608 1764 772 1854 idoneus
795 1795 872 1852 non
895 1766 1019 1852 modo

85 1919 204 1978 voces
224 1894 457 2002 linguatum,
484 1894 627 2004 quibus
655 1889 843 1983 clarissimi
863 1912 1019 1978 autores

86 2018 245 2104 vetustis
265 2015 509 2125 temporibus
530 2014 641 2130 aeque
668 2045 712 2098 ac
740 2017 1020 2102 recentioribus

86 2167 206 2251 opera
227 2135 290 2224 sua
322 2136 506 2242 ditabunt,
531 2139 860 2253 adornirsmtque,
883 2159 1018 2224 tenete

84 2265 227 2374 potest,
252 2257 317 2347 sed
357 2269 397 2346 δι
440 2290 500 2345 res
535 2262 644 2380 ipsas,
685 2291 781 2376 quas
810 2264 1017 2365 denotant,
1070 2319 1075 2335 .
1150 2357 1154 2364 .

84 2406 281 2497 quatenus
298 2389 337 2470 in
362 2412 491 2469 rerum
510 2384 644 2473 natura*
662 2388 898 2499 plerumque
926 2413 1016 2470 con-

83 2505 309 2627 spiciuntur,
330 2528 463 2594 mente
482 2507 594 2593 fimul
615 2508 834 2616 complesti.
890 2508 1014 2619 quue

83 2629 224 2720 laboris
237 2636 335 2719 intra
345 2630 502 2717 eosdem
515 2634 702 2740 temporis
721 2630 909 2713 terminos
925 2656 1016 2716 con·
1111 2703 1113 2707 ,

81 2759 200 2844 ficere
219 2757 302 2841 fere*
323 2758 430 2860 licet,
444 2762 511 2867 qui
532 2755 800 2843 adolescentiae
820 2757 1029 2845 literarum

82 2883 260 2975 studiosae
281 2885 461 2992 praestitui
484 2880 724 2968 consuerunt
777 2887 872 2981 Quo
905 2913 1015 2970 more
1122 2984 1152 2997 μ

81 2994 294 3090 solenniter
315 3031 387 3086 nec
419 3032 496 3117 non
514 3005 564 3088 us
558 3036 584 3089 u
611 3007 780 3120 repetito
799 3007 838 3093 in
857 3004 1016 3093 consue·

81 3121 266 3213 tudinem
305 3130 472 3213 tandem
513 3120 691 3232 abeunte,
719 3131 883 3241 potestas
910 3156 1016 3241 quae·
1127 3180 1132 3188 -

81 3251 193 3357 dam,
218 3274 337 3363 prout
368 3249 648 3366 experientia
628 3279 671 3333 ac
691 3251 927 3339 discernendi
959 3248 1015 3332 fa·

80 3375 234 3459 coitate
261 3375 426 3491 quisque
444 3378 637 3479 floruerit,
664 3402 712 3460 ex
733 3396 815 3460 arte
834 3373 1014 3471 nascitur,

80 3505 122 3583 &
156 3526 240 3609 quae
270 3502 395 3587 veluti
429 3500 650 3584 occulto&
676 3499 893 3588 incredibili
925 3525 1012 3584 mo·
1128 3519 1140 3541 ⁸

79 3619 135 3709 do
165 3625 210 3709 ¹in
238 3619 467 3711 immensum
500 3649 779 3738 nonnunquam
815 3620 960 3709 crescit.

375 3894 382 3902 ²
482 3776 578 3885 „13
647 3872 650 3876 ,
754 3832 763 3843 -
867 3778 1014 3890 Omine·
