2498 4358
111 247 210 385 136

68 922 209 997 imagina-

68 1006 105 1066 tio
116 1000 199 1077 sena.

406 244 487 351 De
512 238 769 356 Medicina
795 238 993 354 Mentis.

246 463 317 548 pro
337 436 621 543 exemplaribus
655 433 718 516 vel
739 432 905 542 pulchris
931 440 970 517 δι
1005 429 1185 517 consum-J

250 565 384 663 matie,
410 561 473 643 vel
507 558 758 661 deformibus,
795 578 864 642 aut
892 561 1035 664 ineptis
1066 577 1186 670 atque

249 683 485 794 imperfectis
504 685 626 769 isthaec
642 684 730 795 plus
750 681 921 769 minusve
940 682 1105 766 valebit.

306 946 445 1054 Itaque
466 937 547 1023 hac
565 940 728 1024 facultas
753 940 852 1023 bene
872 938 1012 1045 habere
1034 938 1186 1037 censea-

251 1063 299 1146 da
331 1066 398 1167 est,
441 1064 600 1174 quando
636 1064 684 1146 ad
724 1062 1018 1149 fimilitudinem
1055 1082 1185 1145 rerum

249 1183 415 1301 ipsarum
436 1190 629 1297 imagines
645 1190 849 1298 exprimit,
876 1214 1005 1298 neque
1026 1187 1079 1269 ab
1094 1183 1187 1304 ipsa²

250 1308 318 1396 nia
337 1306 448 1393 causa
469 1309 599 1414 detur,
624 1311 840 1420 divagatur.
895 1309 1019 1407 Quod
1054 1309 1080 1404 fi
1102 1307 1187 1392 nul·

251 1436 300 1522 lit
336 1437 480 1522 astricta
513 1439 657 1546 regulis
688 1436 805 1547 longe
835 1436 994 1548 lat'eque
1027 1431 1187 1525 effraenis

252 1561 486 1670 experietur,
513 1559 602 1641 talis
622 1558 727 1642 certi
752 1561 1038 1668 imaginationis
1058 1555 1187 1643 coadi-

252 1686 312 1767 tio
332 1687 397 1767 rix
418 1680 587 1766 sanitatis
615 1681 744 1768 secura
775 1682 850 1764 elle
871 1684 1009 1789 potest.
1066 1683 1186 1783 Huiue

252 1813 402 1920 quippe
421 1806 621 1892 facultatis
648 1811 701 1892 eli
723 1814 900 1919 principis
927 1806 1025 1913 juffis
1045 1830 1186 1922 parterm

251 1932 366 2048 lique
389 1932 598 2017 l'ecuudum
615 1955 760 2017 naturae
773 1933 949 2016 ordinem
965 1932 1185 2033 inferiorern

249 2082 413 2166 gerere;
441 2057 542 2137 adeo
561 2076 608 2141 ut
627 2056 653 2137 li
675 2055 833 2168 quando
854 2058 1013 2139 rationis
1038 2056 1185 2156 diritatis

250 2178 373 2262 aliena
402 2206 450 2262 ex
477 2182 754 2289 imaginatione
784 2179 1012 2290 prodantur,
1052 2202 1184 2267 varen·

249 2304 344 2387 dum
379 2303 459 2403 jure
492 2306 635 2388 merito
659 2301 716 2404 stt,
745 2331 795 2383 ne
829 2323 1015 2412 exparte
1048 2301 1182 2403 saltem

250 2445 319 2508 aut
340 2423 388 2506 ad
408 2446 568 2536 tempus
592 2453 702 2506 mens
720 2424 816 2508 lolio
844 2424 1088 2506 deturbetur.
1135 2428 1183 2507 Et

249 2548 412 2662 quidem
443 2552 564 2632 cuivis
592 2548 724 2631 videre
746 2548 813 2647 est,
840 2545 1087 2656 intelligendi
1115 2573 1182 2655 po·

248 2679 415 2757 tentiam
456 2675 579 2781 magis
613 2669 785 2758 minusve
814 2671 966 2752 firmam
985 2668 1079 2754 ¹,elle
1115 2698 1181 2779 pro

249 2792 412 2899 pleniori
440 2790 504 2870 vel
527 2790 674 2873 exiliori
701 2789 834 2891 modo,
861 2817 942 2900 quo
964 2793 1182 2904 imaginati·

249 2917 316 2999 oni
335 2914 433 2994 ratio
455 2912 691 2994 dominatur.
745 2913 870 3016 Cuius
900 2916 956 2996 rei
986 2913 1098 2998 causa
1129 2917 1181 2997 vi-

250 3036 379 3137 detur,
406 3031 517 3144 quod
538 3055 673 3119 totum
692 3039 834 3118 mentis
863 3039 963 3121 bene
990 3035 1089 3122 sanae
1112 3042 1181 3120 im·

248 3162 401 3267 perium
413 3156 461 3238 ei
483 3153 716 3242 facultatum
733 3157 980 3243 ordinatione
996 3158 1181 3260 consistat,

248 3299 295 3365 ut
328 3282 472 3392 quavis
504 3279 659 3363 inferior
682 3279 867 3390 supremae
900 3282 1180 3392 obtemperem

247 3429 331 3509 que
350 3401 432 3514 qud
453 3399 616 3488 severius
636 3403 820 3507 servatur,
846 3406 897 3488 ed
918 3408 1057 3492 tutiori
1073 3433 1181 3491 men·

248 3529 297 3641 tis
317 3521 472 3612 sanitate
493 3523 692 3609 honrirem
717 3525 820 3641 beat.
886 3518 889 3523 ’

1070 3821 1177 3929 Felix
