<?xml version="1.0" encoding="UTF-8"?>
<!DOCTYPE html PUBLIC "-//W3C//DTD XHTML 1.0 Transitional//EN"
    "http://www.w3.org/TR/xhtml1/DTD/xhtml1-transitional.dtd">
<html xmlns="http://www.w3.org/1999/xhtml" xml:lang="en" lang="en">
 <head>
  <title>
</title>
<meta http-equiv="Content-Type" content="text/html;charset=utf-8" />
  <meta name='ocr-system' content='tesseract 3.04.00' />
  <meta name='ocr-capabilities' content='ocr_page ocr_carea ocr_par ocr_line ocrx_word'/>
</head>
<body>
  <div class='ocr_page' id='page_1' title='image "./robertiwelstedd00welsgoog_0228.png"; bbox 0 0 2498 4358; ppageno 0'>
   <div class='ocr_carea' id='block_1_1' title="bbox 107 224 209 344">
    <p class='ocr_par' dir='ltr' id='par_1_1' title="bbox 107 224 209 344">
     <span class='ocr_line' id='line_1_1' title="bbox 107 224 209 344; baseline -0.02 0"><span class='ocrx_word' id='word_1_1' title='bbox 107 224 209 344; x_wconf 83' lang='lat'>186</span> 
     </span>
    </p>
   </div>
   <div class='ocr_carea' id='block_1_2' title="bbox 416 234 992 354">
    <p class='ocr_par' dir='ltr' id='par_1_2' title="bbox 416 234 992 354">
     <span class='ocr_line' id='line_1_2' title="bbox 416 234 992 354; baseline -0.003 -9"><span class='ocrx_word' id='word_1_2' title='bbox 416 234 500 345; x_wconf 83' lang='lat' dir='ltr'>De</span> <span class='ocrx_word' id='word_1_3' title='bbox 519 234 770 353; x_wconf 77' lang='lat' dir='ltr'><em>Medicina</em></span> <span class='ocrx_word' id='word_1_4' title='bbox 795 245 992 354; x_wconf 78' lang='lat' dir='ltr'>Mentis.</span> 
     </span>
    </p>
   </div>
   <div class='ocr_carea' id='block_1_3' title="bbox 231 414 1212 2514">
    <p class='ocr_par' dir='ltr' id='par_1_3' title="bbox 231 414 1212 2514">
     <span class='ocr_line' id='line_1_3' title="bbox 231 414 1165 534; baseline -0.003 -30"><span class='ocrx_word' id='word_1_5' title='bbox 231 417 341 504; x_wconf 84' lang='lat' dir='ltr'>mine</span> <span class='ocrx_word' id='word_1_6' title='bbox 358 414 592 506; x_wconf 71' lang='lat' dir='ltr'>nmlratnm</span> <span class='ocrx_word' id='word_1_7' title='bbox 613 421 704 508; x_wconf 78' lang='lat' dir='ltr'>cum</span> <span class='ocrx_word' id='word_1_8' title='bbox 719 425 893 534; x_wconf 77' lang='lat' dir='ltr'>potentia</span> <span class='ocrx_word' id='word_1_9' title='bbox 912 442 1000 510; x_wconf 86' lang='lat' dir='ltr'>tum</span> <span class='ocrx_word' id='word_1_10' title='bbox 1017 417 1165 506; x_wconf 83' lang='lat' dir='ltr'>diviriae</span> 
     </span>
     <span class='ocr_line' id='line_1_4' title="bbox 231 542 1168 657; baseline 0.003 -34"><span class='ocrx_word' id='word_1_11' title='bbox 231 542 629 655; x_wconf 82' lang='lat' dir='ltr'>comprehenduntur.</span> <span class='ocrx_word' id='word_1_12' title='bbox 684 549 744 631; x_wconf 84' lang='lat' dir='ltr'>At</span> <span class='ocrx_word' id='word_1_13' title='bbox 756 549 942 657; x_wconf 86' lang='lat' dir='ltr'>quoniam</span> <span class='ocrx_word' id='word_1_14' title='bbox 955 546 1036 630; x_wconf 85' lang='lat' dir='ltr'>haec</span> <span class='ocrx_word' id='word_1_15' title='bbox 1054 569 1168 628; x_wconf 87' lang='lat' dir='ltr'>rnen-</span> 
     </span>
     <span class='ocr_line' id='line_1_5' title="bbox 232 663 1166 780; baseline 0.004 -30"><span class='ocrx_word' id='word_1_16' title='bbox 232 667 287 750; x_wconf 79' lang='lat' dir='ltr'>tis</span> <span class='ocrx_word' id='word_1_17' title='bbox 316 663 483 755; x_wconf 76' lang='lat' dir='ltr'>famltas</span> <span class='ocrx_word' id='word_1_18' title='bbox 507 670 653 754; x_wconf 75' lang='lat' dir='ltr'>eodem</span> <span class='ocrx_word' id='word_1_19' title='bbox 678 671 797 780; x_wconf 74' lang='lat' dir='ltr'>prope</span> <span class='ocrx_word' id='word_1_20' title='bbox 819 698 983 755; x_wconf 88' lang='lat' dir='ltr'>munere</span> <span class='ocrx_word' id='word_1_21' title='bbox 1000 671 1057 753; x_wconf 87' lang='lat' dir='ltr'>ibi</span> <span class='ocrx_word' id='word_1_22' title='bbox 1075 667 1166 754; x_wconf 82' lang='lat' dir='ltr'>fun·</span> 
     </span>
     <span class='ocr_line' id='line_1_6' title="bbox 231 790 1168 904; baseline 0.004 -31"><span class='ocrx_word' id='word_1_23' title='bbox 231 790 353 903; x_wconf 82' lang='lat' dir='ltr'>gitur,</span> <span class='ocrx_word' id='word_1_24' title='bbox 375 818 422 874; x_wconf 80' lang='lat' dir='ltr'>ac</span> <span class='ocrx_word' id='word_1_25' title='bbox 451 796 523 904; x_wconf 88' lang='lat' dir='ltr'>qui</span> <span class='ocrx_word' id='word_1_26' title='bbox 548 795 606 895; x_wconf 84' lang='lat' dir='ltr'>jus</span> <span class='ocrx_word' id='word_1_27' title='bbox 629 795 669 874; x_wconf 90' lang='lat' dir='ltr'>in</span> <span class='ocrx_word' id='word_1_28' title='bbox 688 790 893 877; x_wconf 77' lang='lat' dir='ltr'>foreuibus</span> <span class='ocrx_word' id='word_1_29' title='bbox 912 791 1168 879; x_wconf 72' lang='lat' dir='ltr'>decernendis</span> 
     </span>
     <span class='ocr_line' id='line_1_7' title="bbox 233 914 1170 1033; baseline 0.003 -34"><span class='ocrx_word' id='word_1_30' title='bbox 233 916 342 1014; x_wconf 86' lang='lat' dir='ltr'>dicit,</span> <span class='ocrx_word' id='word_1_31' title='bbox 370 915 462 1000; x_wconf 86' lang='lat' dir='ltr'>ideo</span> <span class='ocrx_word' id='word_1_32' title='bbox 479 914 608 1028; x_wconf 77' lang='lat' dir='ltr'>&amp;ipsa</span> <span class='ocrx_word' id='word_1_33' title='bbox 626 917 734 1001; x_wconf 87' lang='lat' dir='ltr'>illinc</span> <span class='ocrx_word' id='word_1_34' title='bbox 752 943 896 1000; x_wconf 90' lang='lat' dir='ltr'>nornen</span> <span class='ocrx_word' id='word_1_35' title='bbox 907 917 1061 1033; x_wconf 85' lang='lat' dir='ltr'>Judicis</span> <span class='ocrx_word' id='word_1_36' title='bbox 1079 945 1170 1002; x_wconf 88' lang='lat' dir='ltr'>mu·</span> 
     </span>
     <span class='ocr_line' id='line_1_8' title="bbox 234 1037 1169 1148; baseline 0.001 -27"><span class='ocrx_word' id='word_1_37' title='bbox 234 1037 307 1121; x_wconf 74' lang='lat' dir='ltr'>tuit</span> <span class='ocrx_word' id='word_1_38' title='bbox 336 1041 491 1148; x_wconf 81' lang='lat' dir='ltr'>accipit.</span> <span class='ocrx_word' id='word_1_39' title='bbox 543 1045 694 1124; x_wconf 82' lang='lat' dir='ltr'>Interea</span> <span class='ocrx_word' id='word_1_40' title='bbox 724 1060 861 1126; x_wconf 79' lang='lat' dir='ltr'>aurem</span> <span class='ocrx_word' id='word_1_41' title='bbox 883 1042 1011 1124; x_wconf 88' lang='lat' dir='ltr'>omnis</span> <span class='ocrx_word' id='word_1_42' title='bbox 1038 1038 1169 1123; x_wconf 87' lang='lat' dir='ltr'>haecce</span> 
     </span>
     <span class='ocr_line' id='line_1_9' title="bbox 234 1162 1169 1271; baseline 0.006 -26"><span class='ocrx_word' id='word_1_43' title='bbox 234 1166 425 1271; x_wconf 78' lang='lat' dir='ltr'>potentia,</span> <span class='ocrx_word' id='word_1_44' title='bbox 450 1190 590 1249; x_wconf 85' lang='lat' dir='ltr'>omnes</span> <span class='ocrx_word' id='word_1_45' title='bbox 622 1162 827 1247; x_wconf 73' lang='lat' dir='ltr'>facultates</span> <span class='ocrx_word' id='word_1_46' title='bbox 856 1191 933 1249; x_wconf 90' lang='lat' dir='ltr'>non</span> <span class='ocrx_word' id='word_1_47' title='bbox 958 1162 1028 1249; x_wconf 86' lang='lat' dir='ltr'>nifi</span> <span class='ocrx_word' id='word_1_48' title='bbox 1056 1167 1169 1251; x_wconf 82' lang='lat' dir='ltr'>inane</span> 
     </span>
     <span class='ocr_line' id='line_1_10' title="bbox 236 1286 1171 1404; baseline 0.001 -33"><span class='ocrx_word' id='word_1_49' title='bbox 236 1313 383 1372; x_wconf 85' lang='lat' dir='ltr'>nomen</span> <span class='ocrx_word' id='word_1_50' title='bbox 411 1288 471 1372; x_wconf 89' lang='lat' dir='ltr'>illi</span> <span class='ocrx_word' id='word_1_51' title='bbox 501 1286 602 1391; x_wconf 88' lang='lat' dir='ltr'>sunt,</span> <span class='ocrx_word' id='word_1_52' title='bbox 626 1292 696 1402; x_wconf 85' lang='lat' dir='ltr'>qui</span> <span class='ocrx_word' id='word_1_53' title='bbox 725 1292 785 1373; x_wconf 93' lang='lat' dir='ltr'>uti</span> <span class='ocrx_word' id='word_1_54' title='bbox 804 1294 966 1402; x_wconf 85' lang='lat' dir='ltr'>nequit;</span> <span class='ocrx_word' id='word_1_55' title='bbox 993 1287 1171 1404; x_wconf 60' lang='lat' dir='ltr'>ideoqffi</span> 
     </span>
     <span class='ocr_line' id='line_1_11' title="bbox 236 1412 1212 1528; baseline 0.003 -30"><span class='ocrx_word' id='word_1_56' title='bbox 236 1434 445 1527; x_wconf 72' lang='lat' dir='ltr'>artesque</span> <span class='ocrx_word' id='word_1_57' title='bbox 463 1417 577 1502; x_wconf 90' lang='lat' dir='ltr'>usum</span> <span class='ocrx_word' id='word_1_58' title='bbox 590 1415 802 1501; x_wconf 75' lang='lat' dir='ltr'>earundem</span> <span class='ocrx_word' id='word_1_59' title='bbox 820 1412 977 1500; x_wconf 83' lang='lat' dir='ltr'>facilem</span> <span class='ocrx_word' id='word_1_60' title='bbox 998 1417 1172 1528; x_wconf 75' lang='lat' dir='ltr'>gratum·</span> <span class='ocrx_word' id='word_1_61' title='bbox 1208 1512 1212 1524; x_wconf 22' lang='grc' dir='ltr'>ι</span> 
     </span>
     <span class='ocr_line' id='line_1_12' title="bbox 237 1539 1173 1652; baseline -0.001 -29"><span class='ocrx_word' id='word_1_62' title='bbox 237 1566 287 1623; x_wconf 87' lang='lat' dir='ltr'>ue</span> <span class='ocrx_word' id='word_1_63' title='bbox 301 1539 489 1642; x_wconf 86' lang='lat' dir='ltr'>reddunt,</span> <span class='ocrx_word' id='word_1_64' title='bbox 500 1542 538 1624; x_wconf 91' lang='lat' dir='ltr'>in</span> <span class='ocrx_word' id='word_1_65' title='bbox 551 1541 678 1652; x_wconf 87' lang='lat' dir='ltr'>pretio</span> <span class='ocrx_word' id='word_1_66' title='bbox 691 1539 894 1642; x_wconf 74' lang='lat' dir='ltr'>habentur,</span> <span class='ocrx_word' id='word_1_67' title='bbox 912 1557 1034 1650; x_wconf 88' lang='lat' dir='ltr'>prout</span> <span class='ocrx_word' id='word_1_68' title='bbox 1045 1541 1173 1650; x_wconf 83' lang='lat' dir='ltr'>magis</span> 
     </span>
     <span class='ocr_line' id='line_1_13' title="bbox 240 1662 1173 1775; baseline -0.002 -25"><span class='ocrx_word' id='word_1_69' title='bbox 240 1664 306 1750; x_wconf 84' lang='lat' dir='ltr'>vel</span> <span class='ocrx_word' id='word_1_70' title='bbox 342 1663 469 1751; x_wconf 78' lang='lat' dir='ltr'>ninus</span> <span class='ocrx_word' id='word_1_71' title='bbox 504 1668 544 1748; x_wconf 91' lang='lat' dir='ltr'>in</span> <span class='ocrx_word' id='word_1_72' title='bbox 580 1664 686 1750; x_wconf 84' lang='lat' dir='ltr'>hunc</span> <span class='ocrx_word' id='word_1_73' title='bbox 724 1664 881 1774; x_wconf 85' lang='lat' dir='ltr'>scopum</span> <span class='ocrx_word' id='word_1_74' title='bbox 916 1662 1173 1775; x_wconf 78' lang='lat' dir='ltr'>diriguntur3</span> 
     </span>
     <span class='ocr_line' id='line_1_14' title="bbox 241 1775 1172 1900; baseline -0.003 -29"><span class='ocrx_word' id='word_1_75' title='bbox 241 1815 363 1900; x_wconf 82' lang='lat' dir='ltr'>quare</span> <span class='ocrx_word' id='word_1_76' title='bbox 388 1797 430 1874; x_wconf 74' lang='grc' dir='ltr'>δι</span> <span class='ocrx_word' id='word_1_77' title='bbox 465 1775 608 1893; x_wconf 69' lang='lat' dir='ltr'>judicii</span> <span class='ocrx_word' id='word_1_78' title='bbox 639 1791 855 1898; x_wconf 66' lang='lat' dir='ltr'>peritorum</span> <span class='ocrx_word' id='word_1_79' title='bbox 888 1787 1047 1897; x_wconf 87' lang='lat' dir='ltr'>plurimi</span> <span class='ocrx_word' id='word_1_80' title='bbox 1080 1787 1172 1869; x_wconf 85' lang='lat' dir='ltr'>aesti·</span> 
     </span>
     <span class='ocr_line' id='line_1_15' title="bbox 240 1910 1172 2022; baseline 0.001 -29"><span class='ocrx_word' id='word_1_81' title='bbox 240 1931 412 1995; x_wconf 76' lang='lat' dir='ltr'>uruntur·</span> <span class='ocrx_word' id='word_1_82' title='bbox 464 1911 602 2022; x_wconf 86' lang='lat' dir='ltr'>Atque</span> <span class='ocrx_word' id='word_1_83' title='bbox 617 1910 673 1995; x_wconf 78' lang='lat' dir='ltr'>hae</span> <span class='ocrx_word' id='word_1_84' title='bbox 688 1912 776 1995; x_wconf 86' lang='lat' dir='ltr'>sunt</span> <span class='ocrx_word' id='word_1_85' title='bbox 790 1914 930 1994; x_wconf 87' lang='lat' dir='ltr'>mentis</span> <span class='ocrx_word' id='word_1_86' title='bbox 949 1938 1060 2021; x_wconf 83' lang='lat' dir='ltr'>opes,</span> <span class='ocrx_word' id='word_1_87' title='bbox 1086 1937 1172 2022; x_wconf 84' lang='lat' dir='ltr'>quae</span> 
     </span>
     <span class='ocr_line' id='line_1_16' title="bbox 242 2034 1171 2149; baseline 0.002 -33"><span class='ocrx_word' id='word_1_88' title='bbox 242 2051 446 2145; x_wconf 81' lang='lat' dir='ltr'>propterea</span> <span class='ocrx_word' id='word_1_89' title='bbox 478 2034 638 2144; x_wconf 85' lang='lat' dir='ltr'>perinde</span> <span class='ocrx_word' id='word_1_90' title='bbox 666 2063 711 2118; x_wconf 85' lang='lat' dir='ltr'>ac</span> <span class='ocrx_word' id='word_1_91' title='bbox 738 2038 881 2149; x_wconf 87' lang='lat' dir='ltr'>quaevis</span> <span class='ocrx_word' id='word_1_92' title='bbox 909 2034 1171 2148; x_wconf 81' lang='lat' dir='ltr'>pretiofiffirna</span> 
     </span>
     <span class='ocr_line' id='line_1_17' title="bbox 243 2157 1172 2272; baseline 0 -31"><span class='ocrx_word' id='word_1_93' title='bbox 243 2157 388 2241; x_wconf 82' lang='lat' dir='ltr'>valent.</span> <span class='ocrx_word' id='word_1_94' title='bbox 442 2157 607 2243; x_wconf 86' lang='lat' dir='ltr'>Proinde</span> <span class='ocrx_word' id='word_1_95' title='bbox 639 2162 825 2272; x_wconf 80' lang='lat' dir='ltr'>quonium</span> <span class='ocrx_word' id='word_1_96' title='bbox 854 2157 880 2241; x_wconf 81' lang='lat' dir='ltr'>fi</span> <span class='ocrx_word' id='word_1_97' title='bbox 908 2163 974 2243; x_wconf 83' lang='lat' dir='ltr'>rui</span> <span class='ocrx_word' id='word_1_98' title='bbox 995 2160 1172 2243; x_wconf 83' lang='lat' dir='ltr'>beneva-</span> 
     </span>
     <span class='ocr_line' id='line_1_18' title="bbox 242 2277 1171 2394; baseline 0.002 -32"><span class='ocrx_word' id='word_1_99' title='bbox 242 2277 324 2362; x_wconf 85' lang='lat' dir='ltr'>lere</span> <span class='ocrx_word' id='word_1_100' title='bbox 351 2306 430 2363; x_wconf 91' lang='lat' dir='ltr'>non</span> <span class='ocrx_word' id='word_1_101' title='bbox 450 2279 559 2382; x_wconf 86' lang='lat' dir='ltr'>licet,</span> <span class='ocrx_word' id='word_1_102' title='bbox 585 2284 616 2363; x_wconf 85' lang='lat' dir='ltr'>is</span> <span class='ocrx_word' id='word_1_103' title='bbox 635 2281 718 2364; x_wconf 75' lang='lat' dir='ltr'>viti</span> <span class='ocrx_word' id='word_1_104' title='bbox 736 2279 819 2392; x_wconf 77' lang='lat' dir='ltr'>ipsi</span> <span class='ocrx_word' id='word_1_105' title='bbox 838 2279 913 2364; x_wconf 89' lang='lat' dir='ltr'>frui</span> <span class='ocrx_word' id='word_1_106' title='bbox 932 2309 1011 2365; x_wconf 89' lang='lat' dir='ltr'>non</span> <span class='ocrx_word' id='word_1_107' title='bbox 1034 2283 1171 2394; x_wconf 85' lang='lat' dir='ltr'>potest,</span> 
     </span>
     <span class='ocr_line' id='line_1_19' title="bbox 237 2398 1171 2514; baseline 0.001 -27"><span class='ocrx_word' id='word_1_108' title='bbox 237 2400 390 2487; x_wconf 86' lang='lat' dir='ltr'>nedum</span> <span class='ocrx_word' id='word_1_109' title='bbox 420 2398 687 2505; x_wconf 77' lang='lat' dir='ltr'>facultatibus,</span> <span class='ocrx_word' id='word_1_110' title='bbox 712 2402 976 2514; x_wconf 83' lang='lat' dir='ltr'>voluptatibus</span> <span class='ocrx_word' id='word_1_111' title='bbox 1007 2427 1077 2487; x_wconf 83' lang='lat' dir='ltr'>aut</span> <span class='ocrx_word' id='word_1_112' title='bbox 1106 2403 1171 2488; x_wconf 90' lang='lat' dir='ltr'>ho·</span> 
     </span>
    </p>
   </div>
   <div class='ocr_carea' id='block_1_4' title="bbox 161 2525 1172 2641">
    <p class='ocr_par' dir='ltr' id='par_1_4' title="bbox 161 2525 1172 2641">
     <span class='ocr_line' id='line_1_20' title="bbox 161 2525 1172 2641; baseline -0.001 -31"><span class='ocrx_word' id='word_1_113' title='bbox 161 2549 166 2558; x_wconf 85' lang='grc'><em>·</em></span> <span class='ocrx_word' id='word_1_114' title='bbox 241 2527 412 2629; x_wconf 79' lang='lat' dir='ltr'>notibus,</span> <span class='ocrx_word' id='word_1_115' title='bbox 438 2525 603 2613; x_wconf 84' lang='lat' dir='ltr'>secunda</span> <span class='ocrx_word' id='word_1_116' title='bbox 632 2527 737 2610; x_wconf 75' lang='lat' dir='ltr'>certe</span> <span class='ocrx_word' id='word_1_117' title='bbox 768 2526 968 2628; x_wconf 80' lang='lat' dir='ltr'>valetudo,</span> <span class='ocrx_word' id='word_1_118' title='bbox 995 2527 1172 2641; x_wconf 75' lang='lat' dir='ltr'>artesque</span> 
     </span>
    </p>
   </div>
   <div class='ocr_carea' id='block_1_5' title="bbox 240 2647 1172 2884">
    <p class='ocr_par' dir='ltr' id='par_1_5' title="bbox 240 2647 1172 2884">
     <span class='ocr_line' id='line_1_21' title="bbox 241 2647 1172 2764; baseline 0.004 -31"><span class='ocrx_word' id='word_1_119' title='bbox 241 2650 332 2738; x_wconf 88' lang='lat' dir='ltr'>dein</span> <span class='ocrx_word' id='word_1_120' title='bbox 352 2652 517 2737; x_wconf 88' lang='lat' dir='ltr'>eandem</span> <span class='ocrx_word' id='word_1_121' title='bbox 538 2651 690 2754; x_wconf 85' lang='lat' dir='ltr'>ruendi,</span> <span class='ocrx_word' id='word_1_122' title='bbox 714 2647 933 2760; x_wconf 74' lang='lat' dir='ltr'>judiciique</span> <span class='ocrx_word' id='word_1_123' title='bbox 947 2679 1091 2736; x_wconf 89' lang='lat' dir='ltr'>eorum</span> <span class='ocrx_word' id='word_1_124' title='bbox 1105 2656 1172 2764; x_wconf 93' lang='lat' dir='ltr'>qui</span> 
     </span>
     <span class='ocr_line' id='line_1_22' title="bbox 240 2774 1169 2884; baseline 0.001 -27"><span class='ocrx_word' id='word_1_125' title='bbox 240 2774 398 2860; x_wconf 78' lang='lat' dir='ltr'>easdem</span> <span class='ocrx_word' id='word_1_126' title='bbox 410 2776 641 2874; x_wconf 86' lang='lat' dir='ltr'>calluerunt,</span> <span class='ocrx_word' id='word_1_127' title='bbox 669 2774 812 2856; x_wconf 79' lang='lat' dir='ltr'>merito</span> <span class='ocrx_word' id='word_1_128' title='bbox 827 2777 970 2884; x_wconf 84' lang='lat' dir='ltr'>primas</span> <span class='ocrx_word' id='word_1_129' title='bbox 982 2774 1169 2859; x_wconf 89' lang='lat' dir='ltr'>obtinent</span> 
     </span>
    </p>
   </div>
   <div class='ocr_carea' id='block_1_6' title="bbox 241 2896 1172 3100">
    <p class='ocr_par' dir='ltr' id='par_1_6' title="bbox 241 2896 1172 3100">
     <span class='ocr_line' id='line_1_23' title="bbox 241 2896 1172 3009; baseline 0.008 -32"><span class='ocrx_word' id='word_1_130' title='bbox 241 2899 346 3006; x_wconf 82' lang='lat' dir='ltr'>apud</span> <span class='ocrx_word' id='word_1_131' title='bbox 395 2899 564 3003; x_wconf 83' lang='lat' dir='ltr'>jndicem</span> <span class='ocrx_word' id='word_1_132' title='bbox 602 2924 761 3009; x_wconf 79' lang='lat' dir='ltr'>aequum</span> <span class='ocrx_word' id='word_1_133' title='bbox 798 2923 924 2980; x_wconf 86' lang='lat' dir='ltr'>return</span> <span class='ocrx_word' id='word_1_134' title='bbox 963 2896 1172 2984; x_wconf 71' lang='lat' dir='ltr'>estimato·</span> 
     </span>
     <span class='ocr_line' id='line_1_24' title="bbox 241 3045 340 3100; baseline -0.01 -1"><span class='ocrx_word' id='word_1_135' title='bbox 241 3045 340 3100; x_wconf 88' lang='lat' dir='ltr'>rem.</span> 
     </span>
    </p>
   </div>
   <div class='ocr_carea' id='block_1_7' title="bbox 69 3258 1171 3402">
    <p class='ocr_par' dir='ltr' id='par_1_7' title="bbox 69 3258 1171 3402">
     <span class='ocr_line' id='line_1_25' title="bbox 69 3258 1171 3402; baseline -0.034 -16"><span class='ocrx_word' id='word_1_136' title='bbox 69 3321 212 3402; x_wconf 59' lang='lat' dir='ltr'>Junn„</span> <span class='ocrx_word' id='word_1_137' title='bbox 295 3269 532 3377; x_wconf 75' lang='lat' dir='ltr'>Praecipuum</span> <span class='ocrx_word' id='word_1_138' title='bbox 555 3261 716 3376; x_wconf 81' lang='lat' dir='ltr'>proinde</span> <span class='ocrx_word' id='word_1_139' title='bbox 734 3262 869 3368; x_wconf 82' lang='lat' dir='ltr'>judicis</span> <span class='ocrx_word' id='word_1_140' title='bbox 883 3258 1052 3348; x_wconf 82' lang='lat' dir='ltr'>officium</span> <span class='ocrx_word' id='word_1_141' title='bbox 1067 3264 1171 3378; x_wconf 86' lang='lat' dir='ltr'><strong>spec·</strong></span> 
     </span>
    </p>
   </div>
   <div class='ocr_carea' id='block_1_8' title="bbox 67 3382 1171 3544">
    <p class='ocr_par' dir='ltr' id='par_1_8' title="bbox 67 3382 1171 3544">
     <span class='ocr_line' id='line_1_26' title="bbox 67 3382 1171 3543; baseline 0.005 -81"><span class='ocrx_word' id='word_1_142' title='bbox 67 3406 226 3543; x_wconf 53' lang='lat' dir='ltr'>gerranni</span> <span class='ocrx_word' id='word_1_143' title='bbox 240 3409 322 3472; x_wconf 84' lang='lat' dir='ltr'>tare</span> <span class='ocrx_word' id='word_1_144' title='bbox 353 3390 403 3473; x_wconf 84' lang='lat' dir='ltr'>ad</span> <span class='ocrx_word' id='word_1_145' title='bbox 433 3388 608 3472; x_wconf 87' lang='lat' dir='ltr'>homines</span> <span class='ocrx_word' id='word_1_146' title='bbox 636 3382 734 3496; x_wconf 84' lang='lat' dir='ltr'>ipsos</span> <span class='ocrx_word' id='word_1_147' title='bbox 765 3387 953 3484; x_wconf 87' lang='lat' dir='ltr'>videatur,</span> <span class='ocrx_word' id='word_1_148' title='bbox 980 3408 1029 3472; x_wconf 92' lang='lat' dir='ltr'>ut</span> <span class='ocrx_word' id='word_1_149' title='bbox 1057 3389 1171 3488; x_wconf 83' lang='lat' dir='ltr'>tanti,</span> 
     </span>
     <span class='ocr_line' id='line_1_27' title="bbox 84 3505 127 3544; baseline 0 0"><span class='ocrx_word' id='word_1_150' title='bbox 84 3505 127 3544; x_wconf 74' lang='lat' dir='ltr'>us·</span> 
     </span>
    </p>
   </div>
   <div class='ocr_carea' id='block_1_9' title="bbox 236 3510 1184 3961">
    <p class='ocr_par' dir='ltr' id='par_1_9' title="bbox 236 3510 1184 3868">
     <span class='ocr_line' id='line_1_28' title="bbox 238 3510 1168 3624; baseline -0.001 -29"><span class='ocrx_word' id='word_1_151' title='bbox 238 3519 378 3624; x_wconf 76' lang='lat' dir='ltr'>quanti</span> <span class='ocrx_word' id='word_1_152' title='bbox 406 3510 507 3616; x_wconf 85' lang='lat' dir='ltr'>sunt,</span> <span class='ocrx_word' id='word_1_153' title='bbox 533 3515 779 3610; x_wconf 84' lang='lat' dir='ltr'>aestimentur,</span> <span class='ocrx_word' id='word_1_154' title='bbox 803 3529 923 3622; x_wconf 87' lang='lat' dir='ltr'>atque</span> <span class='ocrx_word' id='word_1_155' title='bbox 952 3531 1000 3594; x_wconf 93' lang='lat' dir='ltr'>ut</span> <span class='ocrx_word' id='word_1_156' title='bbox 1027 3539 1168 3598; x_wconf 89' lang='lat' dir='ltr'>eorum</span> 
     </span>
     <span class='ocr_line' id='line_1_29' title="bbox 238 3631 1184 3747; baseline 0 -29"><span class='ocrx_word' id='word_1_157' title='bbox 238 3655 383 3718; x_wconf 84' lang='lat' dir='ltr'>naturae</span> <span class='ocrx_word' id='word_1_158' title='bbox 409 3632 596 3747; x_wconf 85' lang='lat' dir='ltr'>dot&#39;esque</span> <span class='ocrx_word' id='word_1_159' title='bbox 624 3631 728 3742; x_wconf 79' lang='lat' dir='ltr'>quast</span> <span class='ocrx_word' id='word_1_160' title='bbox 755 3631 805 3713; x_wconf 83' lang='lat' dir='ltr'>ad</span> <span class='ocrx_word' id='word_1_161' title='bbox 824 3633 1003 3715; x_wconf 80' lang='lat' dir='ltr'>stateram</span> <span class='ocrx_word' id='word_1_162' title='bbox 1025 3638 1184 3718; x_wconf 79' lang='lat' dir='ltr'>exami·&#39;</span> 
     </span>
     <span class='ocr_line' id='line_1_30' title="bbox 236 3749 1169 3868; baseline -0.005 -24"><span class='ocrx_word' id='word_1_163' title='bbox 236 3775 377 3845; x_wconf 87' lang='lat' dir='ltr'>nentur</span> <span class='ocrx_word' id='word_1_164' title='bbox 388 3794 400 3852; x_wconf 70' lang='grc' dir='ltr'><strong><em>ς</em></strong></span> <span class='ocrx_word' id='word_1_165' title='bbox 427 3754 547 3868; x_wconf 86' lang='lat' dir='ltr'>idque</span> <span class='ocrx_word' id='word_1_166' title='bbox 574 3773 621 3841; x_wconf 92' lang='lat' dir='ltr'>ut</span> <span class='ocrx_word' id='word_1_167' title='bbox 640 3753 790 3839; x_wconf 83' lang='lat' dir='ltr'>eaedern</span> <span class='ocrx_word' id='word_1_168' title='bbox 811 3749 1089 3838; x_wconf 86' lang='lat' dir='ltr'>conserventur</span> <span class='ocrx_word' id='word_1_169' title='bbox 1107 3783 1169 3839; x_wconf 84' lang='lat' dir='ltr'>ex·</span> 
     </span>
    </p>

    <p class='ocr_par' dir='ltr' id='par_1_10' title="bbox 1035 3877 1168 3961">
     <span class='ocr_line' id='line_1_31' title="bbox 1035 3877 1168 3961; baseline -0.023 0"><span class='ocrx_word' id='word_1_170' title='bbox 1035 3877 1168 3961; x_wconf 78' lang='lat' dir='ltr'>colan-</span> 
     </span>
    </p>
   </div>
   <div class='ocr_carea' id='block_1_10' title="bbox 0 0 1276 4358">
    <p class='ocr_par' dir='ltr' id='par_1_11' title="bbox 0 0 1276 4358">
     <span class='ocr_line' id='line_1_32' title="bbox 0 0 1276 4358; baseline 0 0"><span class='ocrx_word' id='word_1_171' title='bbox 0 0 1276 4358; x_wconf 95' lang='lat' dir='ltr'> </span> 
     </span>
    </p>
   </div>
  </div>
 </body>
</html>
