2498 4358
264 224 344 336 Da
369 219 621 340 Medicina
648 218 850 356 Mentis.
968 139 970 143 >
1133 231 1166 341 5

88 415 159 534 'qui
177 415 321 523 Circen
340 409 560 517 hujusmodi
572 410 760 514 sociorum
773 402 916 518 Ulyssrs
935 404 1023 495 vulf

86 553 164 650 gos
181 537 285 648 apud
305 535 342 630 se
362 561 520 628 coenans
538 532 624 623 sues
642 534 806 619 reddere
824 530 965 632 aiebat,
982 550 1022 615 at

89 657 270 774 Ulyssem
292 654 419 770 ipsum
441 661 640 764 Mercurio
662 656 906 770 suggerente,
932 651 1021 763 cum

87 783 157 890 fibi
172 799 474 893 temperantem,
498 801 587 866 tum
606 779 682 865 sese
701 780 953 878 abstinentem
972 775 1022 858 ab

87 912 313 1033 importuna
299 907 500 993 ciborum
516 909 801 1021 potionumque
812 905 1023 1017 ingestione

89 1053 296 1146 propterea
325 1031 434 1118 suem
453 1059 529 1116 non
549 1031 645 1127 fieri.
697 1035 898 1131 Quoniam
925 1056 1021 1124 vero

88 1159 227 1250 vinum
245 1159 347 1260 inter
364 1149 557 1270 potiones,
587 1186 674 1269 quae
693 1182 831 1271 eorpus
849 1156 1021 1254 excitant
1091 1216 1100 1237 .
1182 1177 1185 1184 ·

88 1278 172 1380 ad
162 1285 370 1388 tmperium
390 1285 534 1381 mentis
560 1279 806 1380 turbandum,
831 1281 1041 1391 praecipua

88 1398 366 1505 recenseretur,
391 1403 484 1497 ideo
507 1404 727 1500 Mineiades
757 1404 846 1505 solae
873 1407 1022 1487 Miner-

88 1550 162 1626 vae,
187 1522 380 1636 sapientie
394 1552 440 1610 ac
460 1526 647 1624 bonarum
667 1531 809 1611 artium
828 1532 923 1612 Deae
939 1555 959 1608 c
961 1526 1022 1625 ul-

87 1649 240 1855 trices,f
248 1646 386 1732 Bacchi
405 1645 506 1732 sacra
525 1648 851 1760 nonaccipienda,
879 1651 1022 1751 Ouidio

91 1767 162 1884 (d)
177 1770 422 1883 referente,
405 1769 652 1880 censuerunt,

146 2021 251 2118 Quin
273 2026 312 2104 &
328 2017 423 2127 saepe
443 2020 571 2123 dolor,
585 2050 653 2137 qur
643 2018 754 2107 laeso
769 2049 955 2134 corpore
944 2020 1024 2108 serr·
1045 2035 1125 2098 oon
1111 2052 1186 2092 non

88 2142 224 2248 tiator,
251 2163 457 2254 utcunque
475 2164 615 2229 acutus
638 2111 1192 2259 s1t,s1nonlong1us‚{2,„„,·„.

88 2267 193 2350 ultra
213 2267 322 2378 quod
343 2266 459 2352 facile
476 2266 574 2352 ferat
592 2288 739 2370 natura,
758 2271 943 2380 procedat
956 2293 1024 2367 aut
1047 2281 1199 2345 ammiras.

89 2386 240 2474 diutius
268 2389 442 2491 insideat,
468 2390 640 2494 nonnihil
668 2391 763 2480 licet
780 2394 929 2479 roboris
958 2395 1024 2487 de-

91 2512 255 2616 cesserit,
282 2516 426 2597 mentis
437 2514 579 2625 viribus
593 2515 755 2602 minime
769 2515 913 2619 officit3
940 2522 1024 2605 imo

89 2643 133 2724 &
166 2635 273 2722 hasce
307 2638 532 2723 debilitates
569 2641 781 2743 restituere,
817 2645 881 2727 vel
913 2664 1024 2739 antea

86 2757 321 2872 languentes
351 2764 500 2872 erigere
522 2780 642 2874 atque
675 2763 867 2877 adaugere
890 2764 1028 2870 eonsu-

86 2891 185 2973 euit.
228 2879 584 3004 Quemadmodum
599 2918 646 3004 err
658 2890 789 2988 inediti
807 2890 921 2999 dolor
934 2894 1025 3003 ideo

84 3092 1023 3131 .-.-,...-.....-.....,.,...................

136 3209 192 3304 (d)
211 3211 360 3287 Metam.
377 3214 434 3286 l.
423 3239 467 3288 ιιι.
492 3210 642 3313 Huiusce
666 3242 711 3296 rer
703 3209 827 3297 causi
846 3218 952 3290 Poeta
969 3215 1023 3288 ille

83 3319 216 3397 Bacchi
232 3311 390 3396 natalitia
410 3330 443 3397 δι
464 3318 641 3397 colendi
614 3345 699 3397 ntus
715 3349 776 3420 per
793 3328 900 3416 piures
916 3322 1024 3394 libros

82 3423 308 3524 persequitur.
359 3423 441 3502 Ubi
458 3421 535 3502 sans}
565 3425 733 3500 historiam
755 3425 1023 3501 secundumsa-
1068 3440 1070 3442 ’

82 3537 189 3611 bulas
205 3534 317 3608 tradit
335 3514 577 3627 adinveniendi
595 3519 733 3611 usum
700 3537 767 3608 vmi
770 3529 966 3632 ,vite‘mque
978 3537 1022 3612 de

79 3645 290 3725 Orientem
301 3643 441 3752 Europa
454 3651 606 3778 regiones
619 3646 848 3724 transferendi
925 3659 928 3663 ’
965 3727 968 3731 ,

407 3814 419 3829 ‘¹
501 3839 587 3968 53.
740 3891 747 3903 ·
920 3832 1025 3937 5¹³²:
