2498 4358
230 30 235 115 Ι
609 109 612 114 i

151 263 152 266 κ
268 201 348 310 De
373 198 623 314 Medicina
650 211 844 321 Mentis.

92 408 216 504 guent
234 395 272 479 in
310 397 531 506 pectoribus
556 427 666 499 curae,
700 399 797 485 dum
828 425 908 483 non
935 425 1023 510 per-

90 525 217 638 petui>
237 543 347 609 cotes
366 525 573 640 suppetunt
586 550 775 634 recentes,
800 530 935 644 quales
954 556 1024 614 no·
1085 558 1088 563 ·

91 674 235 736 vorum
277 657 346 736 aevi
379 652 570 768 sequentis
606 655 812 742 hominum
844 674 1025 739 mentem

44 801 47 808 ’
89 792 247 860 acutam
267 777 428 864 reddere
448 778 616 864 vileant.
647 777 711 890 (a)

833 981 874 1006 ι,
958 881 1025 975 Ad

1094 206 1165 367 rr

141 1220 196 1314 (a)
223 1229 375 1302 Velleius
403 1232 471 1304 hoc
489 1230 754 1326 Argumentum
782 1229 890 1304 Libro
910 1231 1022 1330 primo
1117 1264 1123 1281 ν

93 1319 198 1398 fufius
220 1328 407 1411 traetavit3
429 1337 463 1401 δι
483 1328 658 1426 postquam
685 1331 729 1404 de
752 1329 881 1404 Grecis
915 1327 1023 1421 scrip-

87 1424 223 1495 toribus
239 1446 280 1494 ac
301 1426 377 1499 dein
397 1423 565 1501 Romanis
598 1425 691 1498 idem
711 1416 896 1499 observirit
914 1425 959 1498 ad
978 1449 1022 1498 o-

86 1539 220 1591 ratores
239 1520 289 1594 ita
314 1523 542 1616 progreditur.
578 1524 626 1593 At
645 1525 743 1593 oratio
761 1546 798 1592 ar
815 1529 870 1594 vis
878 1518 1022 1616 fhrenfis,

83 1609 317 1714 perfeiiu‘mque
343 1612 440 1713 prosa
458 1618 632 1715 eloquentia
651 1620 752 1708 decus,
772 1619 906 1691 aridem
925 1614 1023 1712 sepa-

89 1735 178 1786 retur
196 1719 272 1789 Cato
297 1713 390 1811 (pace
409 1711 508 1812 Craffl
545 1711 587 1791 Θ
604 1739 778 1790 ceterorum
797 1716 948 1804 dixerim)
976 1725 1025 1788 ita
1056 1754 1061 1770 ·

89 1810 242 1905 umuerfa
260 1809 322 1904 sai
343 1822 484 1912 principe
502 1823 602 1910 operis
621 1810 679 1905 sui
696 1823 799 1911 erupit
826 1807 955 1899 Tulli03
986 1835 1023 1886 ut

87 1910 318 1986 deleiiariante
336 1941 404 1986 eum
419 1902 622 2009 pancifflmir,
641 1921 756 1987 mirari
773 1915 847 1987 veri
873 1921 1021 1987 neminem
1067 1950 1069 1954 ’
1101 1950 1105 1956 ·

81 2007 189 2107 poffir,
209 2015 266 2109 nist
284 2036 341 2084 aut
359 2013 399 2086 ab
417 2014 472 2086 illo
501 2008 618 2106 visum,
644 2036 702 2087 aut
736 2021 792 2110 qui
818 2014 911 2086 iliam
929 2013 1025 2086 tride-
1155 2012 1165 2083 s

71 2117 143 2182 rit.
191 2117 259 2184 Huc
284 2114 364 2184 idem
388 2107 519 2201 eveniffe
543 2119 783 2202 Grammaticis,
806 2114 935 2206 Plastis,
961 2119 1022 2186 Pi·
1130 2110 1133 2115 ’

88 2206 223 2282 {irrina
254 2207 530 2308 Scalptoribisque,
562 2213 674 2307 ſsquis*
700 2229 868 2305 temporum
901 2210 1023 2305 instite-

86 2314 133 2381 rit
170 2316 252 2381 notis
288 2318 429 2404 reperiet,
468 2303 509 2383 (Τ
542 2318 709 2383 eminentia
742 2305 889 2407 cujusque
924 2317 1023 2404 operis

88 2403 254 2506 arciffimis
295 2427 461 2504 temporum
503 2408 646 2505 claustris
683 2412 885 2481 circumdata.
947 2415 1024 2480 Hu-

83 2508 143 2596 jus
170 2533 239 2605 ergo
266 2500 531 2604 mandatisque,
559 2517 698 2603 inquam,
714 2501 815 2596 seculi
834 2512 1023 2598 ingeniorum

79 2603 300 2703 fimilitudim'r
335 2601 443 2697 causac
467 2601 536 2675 rim
557 2601 682 2698 semper
700 2631 733 2674 re
754 2614 833 2693 niro,
866 2627 1024 2698 nunquam

85 2716 215 2802 reperio,
239 2730 318 2802 quar
335 2701 392 2796 effe
415 2729 512 2779 veras
536 2705 700 2800 confidam,
716 2631 919 2795 dedsirtaffe
937 2709 1025 2772 veris

76 2806 199 2901 fimiles
217 2840 228 2878 .·
253 2808 339 2878 Inter
358 2828 437 2900 quat
454 2806 513 2874 iras
530 2805 678 2884 maximi.
705 2801 782 2876 Alit
800 2800 953 2876 emulatio
970 2809 1024 2871 in-

81 2913 209 3002 genia;
234 2896 276 2976 (T
295 2927 372 2974 nunc
399 2902 539 2992 invidia,
577 2926 655 2974 nunc
677 2902 847 2974 admiratio
878 2905 1022 2972 incitati-

83 3031 172 3078 onem
191 3002 330 3075 accendit
347 3029 358 3085 3
382 2996 556 3098 natnrdqae
574 3001 656 3098 quod
670 2995 794 3088 summo
819 3001 926 3097 studio·
935 3006 1023 3093 peci-

83 3129 153 3179 tum
169 3103 223 3196 esi,
248 3094 387 3192 ascendit
402 3109 437 3172 in
458 3096 646 3192 stammam3
683 3101 717 3170 di
752 3093 926 3194 cilisqaein
945 3115 1023 3191 per-

76 3202 168 3298 sedit
185 3226 274 3274 mora
293 3202 360 3294 est3
398 3197 658 3293 naturalite'rque
686 3199 768 3296 quod
782 3197 944 3291 procedere
963 3217 1021 3266 non

81 3301 194 3401 petest,
232 3301 356 3373 recedit.
399 3302 448 3372 Et
466 3317 502 3368 at
513 3298 614 3388 primi
633 3295 679 3368 ad
702 3291 929 3392 consequendos,
949 3315 1022 3390 quor

79 3408 201 3500 priores
220 3399 370 3486 ducimus,
407 3396 601 3467 accendimur
620 3427 633 3469 .·
653 3397 707 3467 Ita
724 3395 778 3465 ubi
808 3414 864 3464 aut
878 3399 1022 3487 prateri-

84 3511 120 3575 ri
137 3519 196 3570 aut
213 3504 332 3593 aquari
367 3520 415 3566 eos
427 3490 509 3588 poffe
526 3489 765 3590 desperavimus,
782 3492 923 3584 studium
952 3517 1021 3564 arm
1148 3575 1150 3579 ἢ
1205 3520 1208 3528 -

72 3595 110 3689 s
120 3590 294 3688 esenefcit3
314 3591 355 3666 (7
364 3595 445 3689 qaod
456 3588 583 3691 adsequi
594 3619 653 3666 non
665 3595 772 3686 potest,
779 3586 874 3688 sequi
891 3589 1021 3685 destnit3

86 3619 130 3775 d
148 3696 239 3771 velut
264 3713 442 3790 occupatam
454 3692 630 3790 relinquens
651 3701 818 3764 materiam
838 3698 948 3792 querit
964 3713 1021 3761 no-

83 3823 164 3872 vam
183 3822 195 3881 ς
214 3788 430 3889 prateritdque
446 3815 489 3882 co,
509 3797 544 3863 in
556 3817 613 3889 qua
632 3798 760 3867 eminere
778 3814 837 3865 mn
863 3785 1022 3956 palpante}

894 3911 916 3956 a
930 3907 995 3981 rqur
