2498 4358
275 187 356 300 De
373 185 626 304 Medicina
653 196 851 304 Mentis.
1101 221 1169 343 23

62 498 322 589 Mente
310 496 467 585 interim
485 493 571 580 sani
592 520 754 606 corpore
774 492 912 578 itidern
927 493 1030 597 sano,
1045 511 1168 598 Qun
1097 521 1180 594 ρ·

87 651 337 740 quaecunque
357 647 468 708 mens
494 617 636 702 indicat
658 647 726 731 per
746 618 885 702 eadem
914 617 1026 705 senti·
1008 595 1202 758 “offlm

87 752 183 835 endi
202 774 343 861 organa
361 745 408 830 ad
423 743 567 853 srngula
582 743 758 827 membra
778 739 1025 829 deferuntur:

88 883 237 992 Neque
251 896 386 959 tamen
406 877 549 955 mentis
562 868 743 953 mandata
757 873 943 961 membris
959 897 1026 956 ex-

89 1007 183 1113 equi
211 1001 321 1105 licet,
347 996 450 1087 ultra
483 994 639 1108 quoda
671 999 795 1078 nervis
814 999 1026 1108 accipiunt.

88 1130 341 1237 Quapropter
375 1117 541 1222 musculi
572 1119 747 1231 eousque
780 1118 904 1222 solium
938 1151 1026 1209 mo-

87 1268 241 1352 ventur,
269 1265 467 1362 quatenus
505 1271 730 1347 nervorum,
755 1244 897 1356 quibus
932 1274 1025 1332 con-

84 1375 333 1486 stringuntur,
359 1374 508 1463 anione
542 1369 591 1455 ad
614 1370 715 1455 illud
741 1374 895 1474 valent3
924 1401 969 1459 ac
995 1375 1023 1461 sr

86 1497 416 1599 revidendum,
442 1515 604 1612 eatenus
623 1496 810 1580 movendi
832 1501 1023 1607 potestate

86 1626 300 1738 privantur.
353 1620 503 1707 Exinde
522 1623 664 1732 pariter
683 1625 833 1722 evenit,
859 1643 907 1705 ut
921 1622 1025 1708 mui-

84 1751 170 1836 culi
188 1747 396 1860 omnesque
415 1766 555 1860 partes,
581 1773 670 1857 quae
690 1750 840 1856 corpori
860 1776 1024 1845 movero

88 1873 145 1957 do
174 1871 395 1975 inserviunt,
423 1874 696 1986 quadantenus
724 1871 855 1958 haberi
880 1887 1022 1986 organa

82 1987 231 2096 mentis
252 2018 410 2111 queant.
464 2002 560 2097 Quo
581 1995 640 2098 fit,
666 2016 714 2080 ut
743 2001 783 2083 in
815 2001 1025 2103 nonnullis,

83 2126 228 2238 quibus
246 2130 305 2211 vis
318 2128 439 2231 major
452 2127 516 2221 est,
543 2151 620 2207 non
645 2123 768 2208 modo
779 2122 945 2211 facultas
964 2131 1025 2213 Ισ·

82 2255 300 2354 comotriu>
325 2250 391 2335 sed
406 2262 446 2337 δι
461 2252 641 2340 interiora
661 2249 851 2344 viscerum
865 2281 1026 2367 organa,

82 2372 328 2490 incultisque
351 2380 459 2482 cujus
486 2381 653 2462 actiones
673 2373 695 2416 *
715 2378 929 2470 Naturales
950 2409 1022 2464 no-

85 2505 300 2602 minantur,
328 2502 453 2584 menti
475 2501 642 2589 obediat.
699 2500 822 2590 Unde
842 2501 930 2586 huic
949 2510 1023 2588 im-

85 2630 223 2740 primis
254 2630 313 2711 vis
341 2620 520 2737 impressa
548 2619 740 2736 quosdam
768 2623 877 2709 letho
897 2627 1024 2715 dedit.

80 2749 288 2845 Interdum
321 2753 442 2835 etiam
476 2750 556 2858 pari
586 2751 669 2854 jure
700 2744 889 2857 sanguinis
921 2755 1025 2838 rivos

73 2872 210 2975 afficit,
236 2871 341 2958 adeo
375 2894 423 2958 ut
460 2874 565 2956 latex
601 2867 681 2986 ipse
719 2892 853 2955 mente
889 2872 1019 2964 subito

81 2995 288 3084 commoti
306 3002 345 3087 in
365 3024 526 3108 grumos
542 2996 670 3096 abeat,
688 2994 757 3079 ubi
778 2993 896 3081 causae
912 3007 932 3098 †
946 3006 1026 3086 evi-

78 3118 223 3205 dentes
248 3118 388 3213 saltem
413 3121 529 3205 nullae
557 3121 807 3211 innotuerint.
862 3125 1022 3210 Hinc&

83 3245 125 3327 in
137 3244 265 3338 febres
283 3241 482 3343 interdum
498 3243 713 3354 praecipites
726 3244 832 3353 agit3
858 3269 1024 3357 quarum·

132 3603 269 3683 *vide
282 3602 395 3682 Cels.
384 3627 421 3681 ur
436 3606 643 3686 Prafatione
772 3530 788 3593 ί
