2498 4358
98 222 203 342 314

351 185 355 191 ’
400 186 482 307 Dc
505 179 764 303 Medicina,
786 189 991 303 Mentis,

234 372 333 459 dum
369 374 502 460 eidem
543 378 800 486 repugnantia
846 379 1031 488 amplecti
1067 379 1179 467 velit.

234 503 324 583 Huc
344 512 493 585 'autem
525 503 720 611 pertinent
752 526 831 583 non
852 500 978 587 modi>
1000 529 1062 607 ea,
1091 533 1179 618 quae

236 620 285 707 ad
318 619 370 705 sui
403 621 736 708 conservationem
776 623 902 733 primi
944 624 1042 709 facie
1082 624 1184 713 reda

236 745 477 850 conducunt,
519 746 651 832 verum
691 743 847 849 itidem,
886 773 990 858 quae,
1025 768 1093 858 ut¹
1113 749 1183 861 ipsi

238 869 340 955 bene
371 873 431 976 sat,
462 866 626 958 faciunt.
680 870 740 958 At
775 868 802 954 sa
841 899 991 956 novum
1030 874 1185 986 aliquid

237 990 339 1078 hisce
377 994 580 1080 adversum
622 1013 767 1097 tentet,
811 995 1005 1079 renitendi
1043 1004 1085 1082 &
1125 1025 1185 1081 re-

239 1121 502 1232 prehendendi
527 1118 648 1204 studia
678 1119 915 1231 fingularunr
936 1119 1184 1217 facultatum

237 1245 324 1330 hinc
355 1242 504 1338 sensura
536 1246 604 1344 est,
643 1243 774 1356 eisque
807 1243 963 1330 fortiora
998 1248 1086 1360 qui)
1122 1273 1185 1329 ac-

238 1371 423 1467 curatiori
455 1364 618 1453 sanitate
644 1368 794 1452 eaedem
835 1368 1028 1454 fruuntur.
1089 1376 1186 1468 Quo

239 1494 401 1578 tandem
420 1501 534 1614 patio
554 1491 644 1575 talis
661 1491 771 1577 illius
790 1492 949 1576 libertas
964 1494 1034 1596 est,
1062 1495 1186 1632 quale

238 1621 478 1733 imperium;
521 1616 595 1701 hoc
632 1615 727 1700 verd
765 1617 875 1702 nulli
914 1617 993 1702 alia
1033 1620 1187 1711 ratione

239 1743 413 1831 constare
440 1728 579 1852 potest,
603 1737 728 1853 quim
760 1740 843 1857 quai
870 1759 964 1825 vota
997 1743 1187 1824 conveni·

183 1915 187 1922 .
239 1870 344 1950 entia
372 1863 461 1949 sunt
487 1881 633 1949 naturae
652 1861 725 1949 suae
748 1862 925 1965 didatis;
962 1865 1070 1950 unde
1106 1863 1188 1948 haec

239 1985 404 2073 facultas
425 1987 555 2071 aliena
575 1986 624 2069 ab
650 1986 751 2070 hisce
768 1985 855 2098 ipiis
871 1988 1054 2091 nonvuit,
1084 1988 1186 2075 dum

240 2114 439 2203 liberrima
458 2112 525 2200 est.

97 2415 103 2428 ·
193 2453 201 2470 ‚
300 2362 481 2445 Libertas
508 2357 672 2466 proinde
707 2355 860 2463 hujusce
882 2357 1081 2444 facultatis
1106 2385 1184 2445 non

243 2488 349 2575 ultra
370 2485 465 2568 fines
484 2503 630 2568 naturae
659 2483 912 2582 extenditur;
940 2483 1072 2595 qualis
1101 2511 1185 2566 cor-

244 2620 326 2744 pori
366 2609 485 2695 libers}
519 2605 557 2691 se
590 2615 768 2694 moventi
797 2611 953 2712 accidit,
993 2612 1092 2701 dum
1123 2637 1185 2693 ex-

243 2763 379 2821 tranea
412 2729 546 2843 quivis
574 2734 627 2834 vi,
667 2736 886 2816 autetiam
922 2673 1185 2817 desuetudine

242 2857 425 2941 habituve
464 2853 598 2954 malo,
642 2876 714 2939 aut
748 2855 884 2996 aliquo
927 2856 1007 2940 alio
1047 2854 1183 2939 morbo

242 2980 405 3086 minime
436 2961 665 3089 impeditur,
691 2983 783 3090 quin
816 3009 887 3092 pro
918 3003 1071 3068 naturae
1101 3005 1182 3062 mo

129 3120 132 3126 ’
244 3109 298 3192 do
335 3104 443 3188 ultro
476 3101 525 3185 ad
561 3102 633 3184 hoc
667 3099 732 3187 vel
764 3101 864 3187 illud
904 3103 985 3187 loci
1021 3099 1183 3188 illaesum

246 3232 448 3345 pervenire
493 3225 631 3338 potest.
695 3231 839 3336 Neque
884 3224 973 3310 sane
1017 3220 1185 3337 idipsum

243 3352 400 3441 liberiirs
432 3367 628 3452 movetur,
670 3352 859 3461 quoniam
895 3348 1068 3432 velocius
1104 3351 1187 3432 vio·

241 3478 429 3576 lentiusve
461 3498 530 3563 aut
556 3478 714 3578 diutius,
753 3476 876 3588 quarn
911 3497 1054 3576 natura
1084 3472 1187 3559 ferre

244 3621 441 3748 queat,
408 3600 445 3688 se
478 3601 598 3713 humo
624 3602 829 3714 proripit
815 3606 854 3703 dc
881 3605 1121 3712 exagitatur,
1149 3604 1187 3683 &

1092 3718 1188 3831 quia
