2498 4358
274 202 352 314 De
377 193 625 320 Medicina
649 192 834 308 Mentis
1028 199 1152 324 1233

89 455 263 622 Cuius
281 509 446 626 quidem
476 430 673 598 facultatis
698 495 923 590 nobilissima
943 492 1014 584 dos
1036 484 1169 648 ‘'7⁰'’

78 640 137 729 est
169 636 416 751 praenoscere,
452 633 583 744 qualia
618 657 666 716 err
705 629 852 714 naturis
884 647 1014 762 rerum
1036 648 1104 711 aa.

82 767 229 853 oritura
270 758 385 862 sunt,
423 785 576 870 eaque,
593 775 808 962 antequam
845 726 1018 856 conrig‘e·

83 889 175 983 rint,
195 885 403 998 praelagire
454 881 606 981 Quod
595 909 634 990 rp
636 875 718 962 lum
738 881 776 961 in
796 871 1018 963 Promethei

84 1007 214 1097 fabula
261 1004 509 1124 antiquissimi
555 1011 780 1091 Graecorum
828 1000 1017 1109 sapientes

85 1131 279 1233 docuere,
317 1136 387 1247 qui
420 1134 606 1215 Minervae
637 1127 757 1236 opera
789 1129 829 1211 in
867 1123 1018 1212 coelum
1167 1175 1170 1181 -

87 1251 385 1366 sublatus,1gne
414 1251 534 1337 domo
555 1251 719 1344 aetherei
751 1249 935 1339 subduelo
961 1248 1020 1332 lu·
1158 1275 1161 1282 ·

88 1390 202 1469 teum
235 1376 348 1468 suum
375 1377 575 1467 hominem
608 1377 813 1474 animavit,
853 1399 897 1464 ac
931 1395 1018 1482 pro-

71 1501 180 1587 inde
218 1501 366 1588 infidias
416 1499 625 1585 formidans
672 1527 812 1583 munus
857 1495 1020 1610 pyxidis,

90 1625 237 1711 morbis
279 1623 472 1741 malisque·
512 1627 592 1730 alijs
632 1625 811 1732 repleta,
855 1624 1015 1727 rejecit}

91 1748 232 1852 Qualis
250 1747 339 1832 dein
368 1750 601 1860 Epimetheo
622 1750 759 1834 tradita
779 1748 848 1850 est,
872 1750 943 1859 qui
960 1753 1018 1834 in-

68 1875 208 1986 genio
236 1873 394 1958 confilio
423 1902 467 1960 ac
493 1873 709 1986 praevifione
740 1890 896 1957 carente
927 1898 1021 1981 prar-

93 1996 201 2095 ditus
228 2021 334 2101 erat;
361 1998 508 2115 quique
526 2002 634 2086 fatali
652 1997 960 2112 aperrovasculo
978 2002 1020 2086 in

93 2120 246 2226 nmium
265 2126 559 2211 transformatus
578 2122 692 2235 poeni
728 2121 839 2236 ipfius
873 2122 1022 2234 patefe·
1050 2204 1052 2208 Α

94 2251 163 2350 ¹cit,
202 2269 395 2360 quantum
434 2250 630 2361 singularis
661 2252 781 2334 animi
817 2250 1020 2361 prudentia

97 2373 149 2458 ab
178 2369 320 2458 aemula
367 2370 434 2457 illa
470 2376 509 2459 vi
547 2376 685 2483 ingenii
730 2369 854 2458 abelle
896 2374 1020 2478 solet,

97 2519 289 2639 quantum
308 2501 494 2584 nimirum
512 2498 677 2583 humana
694 2499 743 2581 ab
747 2496 946 2611 ejusdem·
935 2505 1025 2583 rmi-

96 2623 239 2717 tarrice
264 2622 370 2717 bruti
387 2623 493 2711 illius
513 2643 661 2709 natura
713 2611 786 2709 Nil
803 2651 897 2734 ergo
924 2627 1047 2730 miri,

98 2745 129 2832 fi
147 2744 348 2861 sapientes
376 2745 470 2833 hanc
502 2744 832 2890 praecognoscendi
869 2746 1031 2836 faculta-

101 2889 188 2966 tem
207 2867 334 2953 colere
351 2870 505 2983 aggreffi
525 2871 692 2972 fuerint,
719 2875 789 2987 qui
817 2870 900 2958 sant
917 2904 1029 2960 men·

104 3009 192 3084 tem
219 2988 442 3095 futurorum
474 2992 646 3097 seientii,
685 3022 753 3078 nec
786 2993 907 3079 soltlm
940 3023 1031 3104 prar-

107 3114 276 3218 sentium
309 3117 636 3227 prateritorlrmve
675 3118 796 3220 ditare
826 3119 1036 3205 audebant.

109 3242 245 3352 Atque
270 3245 330 3327 uti
361 3243 401 3328 in
418 3238 497 3345 alijs
522 3236 725 3350 disciplinis
751 3236 787 3322 se
818 3243 1033 3351 plurimum

110 3359 213 3473 polle
230 3361 406 3473 nonnulli
436 3364 587 3472 experti
611 3357 783 3465 filerunt,
808 3365 862 3445 ita
886 3366 925 3446 in
950 3363 1035 3474 iplis

113 3513 198 3599 quae
215 3486 263 3567 ad
286 3486 490 3571 humanam
511 3483 722 3595 spumarent
739 3503 929 3588 naturam,
959 3487 1039 3572 affr-
1063 3483 1067 3490 ’

91 3612 235 3694 ‘duam
266 3607 497 3695 adhibebant
524 3608 777 3720 vigilantiam,
803 3629 848 3693 ut
874 3608 1038 3698 medici·

114 3761 174 3857 na,
201 3759 322 3848 quarn
339 3731 589 3852 adornabant,
614 3729 877 3877 ιιιιιιιιιιίειιάἰ
890 3739 1037 3822 virture

922 3855 1040 3969 inclaq
