2498 4358
88 216 194 322 226
398 229 478 336 De
493 224 745 343 Medicina
769 234 975 344 Mentis.

225 404 364 521 rdtque
384 410 541 497 finceras
562 413 700 515 iudici;
729 439 772 495 ac
788 412 878 498 dein
892 435 978 502 tam
993 417 1161 530 proclive

227 530 282 614 est
301 532 507 619 hominum
525 537 722 644 ingenium
744 539 910 637 maxime
930 543 1104 625 omnium
1134 541 1160 627 ai

226 650 360 739 labore
390 659 531 739 mentis
552 656 726 764 improbo
746 660 784 741 in
805 655 858 758 id,
885 660 997 771 quod
1017 666 1163 773 corpori

231 779 376 890 volupe
395 779 472 881 est;
499 787 537 864 dc
564 783 652 882 viae,
678 782 820 892 quain
845 779 984 865 falsum
1006 785 1165 880 docent,

116 996 125 1011 f
231 900 579 1016 tanrundiqualque
594 923 744 1013 patent,
768 901 1036 1018 facillimeque
1058 937 1165 1021 aper·

232 1044 283 1108 tae
303 1023 485 1108 omnibus
510 1027 754 1131 objiciuntur,
782 1048 828 1111 ut
860 1025 939 1139 qud
973 1058 1015 1111 re
1046 1031 1166 1143 aliqui

230 1147 403 1258 permoti
440 1174 576 1231 verum
606 1177 675 1258 per
708 1151 780 1232 aevi-
809 1149 864 1233 lui
899 1147 1067 1262 l'patium
1103 1182 1166 1251 ex,-

114 1310 120 1377 ς
232 1274 386 1384 quirere
404 1270 540 1382 possint
557 1270 787 1377 audeantve,
813 1274 878 1356 nili
903 1275 1000 1387 pund
1029 1280 1168 1362 mentia

232 1392 439 1479 nobilitate
470 1417 590 1511 atque
619 1397 753 1485 invidid
782 1399 894 1511 ipfius
927 1401 1168 1513 fortitudine,

234 1514 405 1629 idipsum
437 1549 508 1635 pro
543 1522 728 1605 miraculo
769 1523 915 1607 meritb
948 1523 1168 1607 ducendum

236 1636 293 1722 fit.
348 1644 556 1726 Enimvero
583 1643 654 1746 illi,
682 1646 751 1753 qui
783 1663 851 1728 aut
881 1672 948 1756 per
981 1647 1166 1755 prolixam

238 1793 432 1853 annorum
464 1762 599 1851 seriem
642 1766 742 1850 hisce
777 1765 909 1872 studiis
947 1767 1086 1853 affidue
1116 1769 1168 1850 in-

237 1889 422 1972 cumbere
441 1889 708 1999 dedignantur,
733 1908 802 1975 aut
829 1887 1026 1974 clariffima
1056 1889 1170 1975 seculi

239 2008 294 2097 sui
320 2011 459 2118 iudicia
492 2039 584 2097 cum
605 2011 859 2097 vetustiffimis
890 2011 1064 2099 conferre
1095 2015 1169 2095 mi-

240 2140 344 2223 nime
358 2133 604 2242 confodiunt,
628 2142 809 2250 opinione
829 2132 1169 2223 hominumiorlan

241 2263 430 2361 clariores,
456 2287 534 2344 non
566 2264 774 2365 ratiociniis·
799 2263 990 2347 acutiores
1021 2284 1086 2348 aut
1105 2267 1170 2347 cir·

243 2382 553 2496 conspectiores,
574 2412 707 2497 neque
726 2384 913 2469 firmiores
944 2389 1170 2476 constantio·

237 2507 345 2599 -r'esve
368 2529 436 2593 aut
455 2510 620 2594 saniores
638 2507 712 2594 elle
732 2507 899 2620 poliunt.

67 2791 226 2863 tiammo·
299 2764 411 2846 Sicut
430 2781 565 2845 autem
583 2760 833 2863 ratiocinandi
864 2759 1031 2845 facultas
1063 2760 1172 2868 judici

69 2873 192 2968 Μ’
241 2907 368 2963 coaeva
385 2883 453 2981 eli,
477 2886 534 2964 ita
565 2884 685 2964 etiam
717 2882 856 2966 eadem
891 2886 1051 2991 patitur.
1105 2883 1171 2969 At·

68 2968 210 3112 b'll‘lff
243 3023 378 3089 tamen
415 3025 462 3088 ut
493 3032 541 3087 ex
571 3004 801 3090 numerandi
837 3004 1016 3116 potentia
1055 3003 1170 3089 modo

71 3117 194 3178 ‘'¹¹⁴⁶‘’
245 3124 313 3213 fibi
333 3126 515 3238 peculiari
541 3126 713 3236 pendet;
751 3126 868 3211 robur
897 3127 1071 3231 ejusdem
1094 3156 1171 3240 per·

246 3253 338 3337 inde
365 3271 483 3362 atque
509 3251 754 3335 imbecillitas
774 3253 943 3334 maxime
961 3250 1171 3336 aestimanda

245 3377 335 3461 sunt
370 3405 418 3462 ex
455 3402 516 3476 eo,
557 3374 666 3488 qood
699 3402 880 3460 numeros
917 3376 1073 3478 calleat,
1109 3393 1171 3463 aut

246 3502 490 3587 calculorum
517 3499 727 3583 discrimina
757 3498 903 3608 prorsus
929 3499 1085 3585 nesciat.
1133 3507 1172 3585 ln

247 3619 350 3704 hunc
373 3621 537 3710 modun
557 3621 738 3705 debilitas
762 3626 881 3712 cuivis
900 3623 1093 3708 notiffima
1109 3621 1171 3723 eil,

245 3737 449 3854 fiquando
467 3747 687 3856 primariam
718 3746 882 3858 numeri,
897 3745 1170 3861 distinctionem

1102 3888 1170 3960 nug
