2498 4358
197 405 200 410 Ι
266 268 344 380 De
370 260 620 383 Medicina
649 265 839 382 Mentis.
1060 291 1153 414 131

90 459 255 546 facultas
281 458 491 570 aliquando
511 463 709 543 memoriae
735 460 918 542 viribus
907 457 1030 570 tmpe-

86 588 220 687 ditut;
246 583 423 669 veluti
383 613 473 667 cum
491 583 677 672 fruciibus
691 587 908 673 alienorum
939 619 1032 702 ope·

87 738 178 796 rum
199 713 237 791 in
243 712 483 791 memoriam
502 701 648 793 affatim
669 711 869 814 transsatis,
891 715 1030 797 obruta

90 833 350 920 multitudine
368 861 503 916 eorum
524 833 627 918 varia
660 837 759 940 jacet
787 839 1030 945 imaginatio,

80 956 220 1071 neque
236 955 297 1042 sua
318 956 432 1063 edere
447 957 586 1068 potest,
598 958 730 1041 verbm
745 955 838 1042 forti
851 959 1030 1043 recorda·

86 1081 196 1166 tione
206 1081 426 1166 sermonum
441 1102 561 1195 atque
576 1081 678 1192 apud
689 1103 847 1167 autores
860 1081 1027 1194 descrip-

79 1223 226 1293 'torum
255 1205 304 1288 ab
333 1206 513 1316 operibus
538 1204 611 1289 suis
642 1206 876 1307 abducitur;
916 1233 1028 1289 mens

90 1332 240 1444 quippe
270 1357 341 1414 nec
369 1329 442 1413 alia
476 1333 677 1439 concipere
713 1351 783 1416 aut
822 1331 1025 1414 advertere

72 1452 244 1555 didicit,
260 1451 326 1536 nist
344 1451 471 1566 qualia
491 1452 538 1532 ab
550 1453 628 1557 alijs
655 1454 803 1565 prolata
817 1456 940 1538 novit.
954 1457 1026 1538 Hic
1088 1448 1089 1451 Ὺ

80 1577 253 1688 proinde
271 1609 273 1614 ’
288 1579 433 1658 mentis
453 1573 613 1658 morbus
631 1603 680 1658 ex
712 1575 782 1658 tali
815 1597 923 1661 ortus
943 1603 1027 1659 me·
1075 1667 1078 1678 ,

81 1696 233 1800 moria',
251 1727 329 1782 non
355 1697 540 1781 diffimilis
569 1697 626 1779 illi
646 1725 832 1810 corporeo
859 1698 1028 1804 videtur,
1158 1733 1162 1743 ·

91 1848 176 1934 quo
194 1823 380 1906 alimenta
412 1815 510 1904 facie
540 1817 641 1903 haud
661 1821 873 1906 immutati
909 1851 1026 1935 appa-

68 1985 74 1996 ·
91 1963 192 2049 rent,
203 1946 403 2057 postquam
417 1945 664 2054 perintestina
683 1942 928 2033 effluxerunt.
943 1954 1028 2033 No.

71 2066 73 2070 Α
91 2073 132 2158 νί
144 2066 229 2153 sane
241 2066 616 2180 adolescentenr‚qui
629 2075 808 2180 quamvis
821 2091 981 2172 amaret,
991 2099 1030 2155 a·

92 2189 333 2304 mafibmque
354 2192 419 2274 srbi
441 2192 633 2274 devincire
652 2192 754 2301 poesi
774 2194 957 2294 studeret,
979 2193 1027 2274 fic

90 2322 225 2402 tamen
258 2319 456 2398 memoriae
486 2313 637 2397 ‘viribus
665 2315 837 2399 subactus
872 2318 939 2417 eii,
978 2327 1026 2399 'ut

91 2442 223 2528 nullos
258 2466 424 2551 pangere
455 2432 578 2548 poffet
595 2434 735 2535 versus,
776 2436 840 2519 nisr
877 2466 923 2541 ex
961 2436 1029 2520 he-

91 2561 291 2666 misticbijs
337 2566 545 2671 poetarum
572 2557 820 2669 compilatos,
844 2558 1027 2668 quaeque

92 2686 276 2773 omnibus
305 2679 383 2768 fere*
401 2685 533 2791 primis
553 2681 660 2785 labijs
692 2684 831 2762 Poetas
865 2679 1031 2765 salutan-

92 2810 201 2894 tibus
221 2805 409 2891 notiffima
432 2800 563 2916 essent,
602 2803 850 2902 Querebatur
869 2803 933 2886 fibi
959 2833 1033 2889 εο-Ἰ
1125 2838 1129 2844 ’

94 2932 189 3017 dem
221 2936 298 3015 ritu
314 2931 410 3014 dum
431 2949 566 3011 caetera
599 2947 852 3038 componeret
877 2929 1029 3010 accide-

94 3101 153 3174 re,
173 3090 295 3182 atque
326 3067 363 3151 se
384 3063 485 3177 poffe
517 3087 695 3150 autorem
724 3066 951 3174 recolligere
969 3061 1028 3148 lo-

93 3192 598 3303 cutionum,omnii1mque
637 3186 730 3290 fere,
764 3189 858 3273 dum
893 3188 1029 3271 scribe-

95 3337 172 3420 ret,
208 3313 501 3416 sententiarum,
528 3312 665 3426 quales
682 3311 748 3394 fibi
780 3315 818 3394 in
853 3331 1029 3394 mentem

96 3442 291 3525 venirent.

151 3687 259 3773 lllud
279 3685 468 3797 fiqurdem
480 3702 601 3796 patet
615 3679 725 3793 quod
746 3688 943 3769 memoriae
964 3685 1030 3768 do·
1044 3639 1119 3780 {735³
1112 3660 1146 3776 am
1156 3660 1202 3783 {a

97 3834 158 3896 tes
182 3806 446 3922 plurimum
429 3837 451 3891 a
481 3811 637 3918 vigente
670 3833 714 3890 ac
748 3807 860 3893 firma
895 3835 1093 3946 corpo-Q
1046 3804 1194 3952 mm}
1193 3882 1213 3927 a

217 3965 219 3968 ’
540 3936 624 4017 Ka
706 3967 713 3984 ·
1001 3885 1199 4040 toppo.
