2498 4358
87 241 140 383 n
367 241 1095 389 ΡΜΡΑΤΙΟ.1

58 543 205 613 ΜΨ
290 534 500 649 Propterea
519 535 627 623 haec
615 565 653 620 tn
682 542 816 648 prioris
847 569 947 626 curae
978 538 1082 645 sunt,
1108 565 1170 646 ut,

57 620 253 775 3333,
237 689 285 744 ex
303 691 388 773 quo
416 659 525 745 fonte
551 661 647 744 sitia
682 659 908 762 scaturiunt,
936 686 1091 789 pateat,
1128 675 1176 755 &-

57 770 171 925 23¹⁶&
238 813 320 900 qua
304 784 420 897 lege
440 811 543 866 nunc
560 787 712 903 corpori
731 811 841 865 mens
857 786 1039 895 imperat,
1067 814 1168 873 nunc

60 866 207 1008 {mm
237 921 278 999 δι
310 916 347 997 ei
374 928 509 1019 patet;
547 928 689 1020 utpote
720 911 824 993 inter
850 937 958 1020 quas,
984 912 1083 998 dum
1112 915 1170 1001 vi-

237 1041 357 1137 uitur,
402 1031 595 1119 consortio
632 1028 794 1116 mininie
842 1031 1077 1120 dissolvenda
1116 1033 1142 1119 s
1143 1055 1169 1119 t

236 1152 424 1272 Corporis
453 1180 586 1241 tamen
615 1158 762 1303 deliciis
794 1159 919 1241 niodo
952 1188 1061 1245 niens
1094 1154 1172 1243 sese

236 1280 410 1372 fruendis
445 1282 580 1388 dedat,
619 1288 682 1371 vix
725 1292 905 1398 gnaviter
942 1290 1070 1373 munia
1106 1279 1171 1365 fibi

236 1417 390 1536 propria
419 1412 542 1515 obire,
580 1441 652 1510 nec
684 1411 786 1498 clare
826 1417 1038 1527 percipere,
1084 1428 1171 1551 per

238 1559 351 1647 cepta
388 1559 537 1638 tenere,
576 1559 645 1623 aut
676 1539 819 1650 quavis
856 1538 985 1622 vivide
1027 1535 1172 1621 imitati

194 1776 199 1783 ,
237 1666 397 1781 poterit,
423 1659 571 1747 nedum
602 1662 651 1744 ad
678 1662 850 1746 laborem
881 1657 1038 1747 fortiter
1069 1659 1172 1768 cogi-

240 1789 352 1876 tandi
392 1783 434 1867 se>
467 1788 681 1894 accingere.
741 1787 973 1881 Quinetiam
1023 1785 1172 1870 lumina

236 1906 350 2022 ipsius
381 1911 522 1996 mentis
555 1909 603 1990 fic
634 1901 895 2010 obfuscantur,
930 1939 975 1994 ac
1006 1913 1171 1994 demunt

237 2032 444 2125 auotoritas
461 2028 635 2115 labascit
690 2032 852 2115 Proinde
872 2034 965 2119 verb
991 2061 1170 2146 quanam

240 2164 322 2267 eius
357 2155 563 2243 facultates
598 2159 786 2252 minuunt
823 2159 1012 2270 augentve
1049 2160 1170 2249 const·

188 2326 193 2333 ·
241 2277 441 2375 deratione
468 2280 584 2390 digna
616 2279 716 2383 sunt,
744 2289 783 2365 δι
815 2312 903 2394 quae
934 2311 1069 2369 earum
1101 2275 1173 2371 fine

212 2410 348 2519 >gulas
374 2408 507 2511 juvant
534 2423 604 2486 aut
630 2403 790 2489 laedunt
847 2407 930 2493 Ubi
962 2405 1048 2496 sane
1067 2428 1173 2521 qua·

240 2538 352 2632 titur,
379 2530 503 2641 qualis
531 2527 696 2613 secunda
723 2530 777 2611 est
803 2529 886 2640 ipss
904 2530 1174 2634 valetud0,&

239 2688 331 2773 quae
348 2655 623 2757 incommoda,
652 2656 808 2770 quando
828 2655 1004 2740 univerfis
1022 2660 1124 2740 inter
1134 2655 1173 2742 se

235 2768 472 2878 condemn,
493 2779 556 2860 vel
587 2783 673 2890 quo
709 2784 819 2886 pacto
852 2778 1034 2890 idipsum,
1060 2782 1172 2894 quod

240 2906 334 3008 bttic
370 2920 524 3011 gratum
563 2905 629 3010 est,
669 2903 726 2985 illi
764 2901 1001 3006 adversatum
1047 2910 1175 3018 qualis

240 3020 382 3115 scilicet
409 3053 539 3141 earum
571 3031 835 3139 repugnantia,
862 3030 1062 3145 qualisque
1087 3060 1175 3115 orn·-

236 3158 352 3239 nium
373 3148 571 3235 consensus
592 3155 674 3252 est3
716 3155 785 3237 ubi
815 3154 902 3244 dein
935 3154 1000 3241 sita
1021 3156 1075 3239 est
1093 3161 1174 3240 veri

239 3268 410 3388 salsique
441 3278 604 3383 agnitio,
630 3284 669 3360 δι
693 3281 837 3386 pariter
867 3285 959 3366 redii
992 3279 1177 3391 pravique

241 3401 486 3505 ponscientia
525 3401 574 3486 Sa
577 3403 675 3481 nitas
693 3405 839 3513 quippe
854 3424 994 3488 trientis
1003 3424 1177 3516 integer

242 3528 340 3608 rima
354 3526 460 3623 facit,
479 3543 525 3606 ut
544 3525 705 3608 libertas
719 3526 845 3608 eidem
850 3547 1084 3637 competat,
1107 3531 1192 3617 ubi

242 3675 382 3749 purnes
410 3645 548 3729 itidem
582 3647 791 3734 facultates
820 3646 937 3731 bene
944 3652 1126 3753 valent,
1115 3673 1176 3736 at-

239 3801 319 3891 flue
338 3775 434 3864 intra
453 3770 548 3855 fines
566 3799 733 3887 quaque
755 3772 839 3859 suos
862 3775 899 3890 se
920 3779 1157 3875 continent

736 3927 740 3935 ’
1036 3906 1174 3998 Obiter
