2498 4358
68 252 176 377 274

380 229 462 336 Dr
489 223 736 341 Medicina
758 226 961 383 Mentis.

205 421 307 502 inter
337 435 498 500 caeteros
524 419 715 516 eminent,
740 417 968 527 quicunque
999 412 1046 496 ad
1080 441 1145 499 er-

207 568 328 641 rores,
354 546 425 652 qui
442 540 507 624 sibi
534 541 657 625 ludos
684 534 868 636 facerent,
897 537 1069 646 digitum
1087 535 1147 616 in·

208 661 437 766 tenderunt,
481 691 531 748 ne
568 664 715 746 incauti
760 663 905 743 iterum
949 662 1041 742 otio
1078 656 1148 742 suo

209 786 476 890 abuterentur,
502 815 545 871 ac
556 784 699 867 eidem
712 781 865 894 prorsus
880 784 1033 865 ratione
1050 806 1148 892 ope·

212 935 295 995 ram
312 909 532 1017 perderent.
585 911 779 1003 Quocirca
807 903 1053 988 omnimodis
1084 898 1151 991 αἰ-

210 1031 388 1117 mulandi
419 1030 508 1117 sunt
534 1031 731 1131 laudibus,
755 1031 822 1141 qui
852 1027 979 1119 causas
1011 1029 1152 1139 apert&

210 1153 473 1258 declarirrurt,
511 1155 619 1239 unde
652 1155 719 1237 fibi
757 1161 797 1238 δι
828 1182 967 1236 verum
1001 1180 1151 1264 cogno·

209 1276 314 1381 visse,
352 1275 572 1390 errorbsque
615 1282 654 1360 in
684 1305 785 1390 quos
820 1277 1036 1364 inciderant
1077 1279 1152 1361 de-

211 1396 358 1506 texisse,
384 1405 605 1513 contigerit,
632 1410 671 1487 δι
702 1406 834 1514 qualia
867 1405 1037 1515 quidem
1070 1405 1153 1486 ani·

211 1557 322 1615 mum
346 1530 450 1610 inani
468 1525 532 1639 spe
545 1526 754 1636 pascerent,
780 1525 897 1640 lbque
922 1528 1154 1640 indagantes

211 1651 311 1738 salsi
329 1657 512 1766 opinione
539 1655 733 1738 ladiarent.
786 1654 993 1766 Siquidem
1011 1682 1062 1738 err
1087 1682 1152 1736 er-

212 1807 348 1862 rorum
358 1775 529 1861 fontibus
546 1775 668 1886 probe
680 1776 900 1886 exploratis,
927 1775 1154 1891 modisque,

212 1899 357 2013 quibus
383 1927 494 1980 mens
522 1896 663 1981 abduci
692 1918 815 2011 atque
845 1903 1051 1984 abalienari
1091 1898 1152 1983 so-

212 2021 287 2124 let,
310 2019 398 2103 satis
417 2017 637 2129 perspectu,
663 2027 702 2105 δι
722 2025 851 2129 initiis,
874 2025 940 2108 ubi
969 2021 1152 2133 primum

214 2143 365 2230 aredio
384 2147 420 2226 in
439 2145 623 2258 obliquos
636 2150 814 2231 tramites
831 2148 1020 2250 deflebit,
1043 2148 1154 2234 bene

214 2269 439 2368 intellectis,
476 2296 612 2354 verum
644 2269 774 2352 oculis
812 2271 949 2356 claritis
985 2272 1150 2358 demon-

214 2391 366 2489 stratur,
405 2390 679 2503 contrariisque
712 2391 776 2474 fibi
810 2395 1009 2478 coloribus
1041 2394 1148 2499 juxti

212 2512 291 2603 sttis
309 2541 388 2597 non
406 2512 531 2596 modd
558 2514 777 2617 illustratur,
804 2513 869 2598 sed
893 2521 1146 2629 &integrum

213 2636 425 2723 conservari
442 2638 578 2745 potest.
636 2637 707 2720 Nil
723 2641 830 2720 enim
858 2660 946 2724 tam
979 2640 1057 2728 fide*
1082 2668 1149 2721 ve·

215 2791 304 2846 rum
323 2763 501 2862 custodit,
527 2769 567 2845 δι
585 2761 842 2874 undiquaque
853 2783 1008 2864 tuetur,
1030 2763 1145 2875 quim

216 2884 339 2966 varias
357 2882 437 2966 falfi
466 2883 583 2965 facies
603 2882 738 2983 ndlie3
772 2911 814 2966 ac
832 2914 921 2998 quae
951 2885 1040 2972 sunt
1064 2913 1148 2969 cur-

216 3033 357 3089 vorum
391 3006 494 3089 istius
525 3010 715 3091 itinerum
752 3009 991 3118 primordia3
1030 3006 1149 3121 quim

218 3157 341 3244 prope
358 3127 509 3210 lucidos
544 3134 625 3213 veri
656 3129 785 3215 sontes
802 3130 883 3215 haec
907 3132 1088 3235 infident,
1113 3140 1150 3218 ἃ

217 3251 339 3367 quim
357 3252 496 3362 procul
520 3256 648 3363 postea
667 3253 690 3338 d
709 3258 799 3340 rivis
808 3253 1039 3373 perspicuis,
1065 3255 1151 3338 inde

216 3379 510 3466 decurrentibus
546 3383 584 3463 in
622 3380 823 3470 confusam
856 3378 1152 3483 obscuritatem,

91 3551 94 3555 >
216 3498 351 3612 sensim
372 3500 460 3588 licct
477 3499 715 3590 relabuntur.

1013 3737 1148 3825 Enim·
