2490 4290
66 112 189 235 ’218
401 121 767 236 De‘Medicina
793 123 986 236 Mentis.

223 323 345 417 atque
371 302 449 388 illis
480 301 733 390 consentanea
760 302 986 411 inferantur,
1013 315 1093 397 veri
1112 311 1161 401 fi·

205 433 323 518 -mile
355 431 523 535 videtur,
548 429 657 516 ficuti
686 429 787 542 priris
817 432 1063 525 observatum
1087 442 1161 546 est,

226 585 306 644 uon
337 552 412 640 elle
440 557 512 641 alia
531 553 684 662 hujusce
703 551 899 640 facultatis
917 579 1038 672 atque
1055 561 1161 668 judi-

149 675 154 681 *
225 684 282 766 cis
313 707 480 792 organa;
506 676 642 766 verum
673 681 782 794 quod
806 678 1056 796 consequitur
1081 681 1160 769 ell'e

224 802 394 914 ejusdem
426 803 624 892 facultatis
653 807 896 907 exercitium,
924 807 1056 895 denuo
1092 807 1160 894 vel

223 928 321 1040 saepe
338 957 502 1017 numero
524 933 750 1043 repetitum·
806 936 965 1045 Nempe
984 932 1158 1043 primum

108 1087 111 1092 ·
223 1051 349 1139 fertur
376 1050 571 1157 sententia,
598 1059 660 1140 cui
678 1057 799 1141 altera
817 1053 1030 1164 subjicitur;
1059 1066 1099 1144 δι
1117 1060 1157 1143 in

221 1177 392 1292 utrdque
418 1181 638 1265 communis
668 1179 849 1294 quaedam
878 1180 1053 1266 mensura
1072 1207 1158 1267 cer·

222 1306 343 1406 nitur,
369 1332 470 1417 quat,
497 1302 594 1390 dum
612 1304 660 1389 ad
681 1306 776 1388 duas
794 1334 854 1390 res
872 1304 1156 1416 cognoscendas

220 1427 463 1532 adhibeatur,
489 1429 637 1521 indicat
658 1435 823 1542 priorem
845 1432 1042 1541 posteriori
1060 1456 1156 1545 qua·

78 1667 81 1672 ,
221 1553 413 1640 dantenus
446 1579 578 1664 parem
605 1557 673 1640 ‚vel
701 1558 888 1666 imparem
917 1552 1005 1638 elle.
1060 1557 1154 1650 Quo

114 1739 116 1743 ψ
222 1685 335 1792 padio
367 1681 514 1784 evenit,
539 1699 587 1766 ut
609 1680 722 1762 tertia
741 1683 888 1764 iterum
907 1675 1055 1763 feratur
1075 1675 1156 1764 sen·

220 1810 359 1908 tentia,
397 1833 484 1915 quae
515 1808 555 1886 in
593 1801 631 1888 se
663 1803 935 1914 complectitur
970 1801 1155 1909 judicium

170 1925 173 1930 ’
221 1957 376 2032 eorum,
402 1955 488 2040 quae
521 1954 613 2015 cum
642 1925 822 2013 mensura
855 1927 997 2011 collata
1031 1927 1155 2038 smgu·

221 2053 336 2139 latim
368 2050 536 2158 fuerunt.
590 2047 735 2139 Inferre
765 2054 883 2162 igitur
913 2051 1007 2135 nihil
1043 2045 1151 2134 aliud

222 2179 290 2281 est,
316 2173 437 2286 quam
469 2173 674 2267 decretum
706 2175 874 2260 condere
905 2177 954 2258 de
985 2174 1152 2275 duobus,

167 2336 169 2343 ⁴
221 2318 416 2414 quatenus
465 2325 558 2383 cum
594 2300 716 2387 tertio
756 2317 945 2412 tanquam
984 2298 1152 2384 modulo

225 2426 496 2524 conferantur,
552 2427 624 2536 qui
675 2421 767 2506 dein
807 2422 901 2532 laepe
937 2421 1151 2533 usurpatur,

222 2575 341 2669 prout
359 2557 461 2638 inter
477 2553 655 2636 homines
674 2554 910 2635 commercia
929 2564 1150 2635 exercentes

171 2709 173 2716 ·
221 2707 358 2766 norma
389 2677 519 2788 aliqua
549 2675 599 2761 ad
627 2670 967 2764 determinandum
1001 2701 1063 2778 ea,
1101 2672 1148 2756 de

220 2803 361 2914 quibus
380 2799 452 2881 hic
472 2797 608 2882 demta
626 2795 904 2905 ambigeretur.
958 2802 1047 2882 Nec
1064 2823 1148 2909 pro-

219 2926 310 3013 inde
340 2953 438 3036 opus
464 2925 519 3006 est
537 2921 800 3031 multiplicare
818 2919 1042 3026 facultates,
1067 2921 1147 3009 ubi·

220 3078 377 3164 cunque
409 3078 458 3131 ex
482 3049 591 3153 varijs
618 3042 813 3131 affectibus
835 3049 1044 3132 autetiam
1064 3074 1146 3131 mu·

220 3176 374 3261 neribus
393 3200 457 3255 eas
478 3170 610 3282 plures
626 3166 699 3252 elle
719 3170 879 3254 minime
900 3189 1024 3280 patet.
1078 3167 1146 3254 At·

220 3307 326 3382 enim
353 3295 501 3382 functio
523 3295 710 3408 inferendi
738 3323 862 3381 unum
889 3295 1050 3407 aliquod
1070 3323 1144 3382 am·

217 3421 319 3529 plius
336 3423 522 3524 judicium
536 3447 583 3503 ex
597 3418 750 3502 duobus
769 3409 959 3529 praemiffis
979 3446 1057 3503 non
1076 3444 1145 3500 ma·

218 3547 275 3650 gis
306 3545 426 3626 aliena
453 3541 649 3636 videtur'a'a
667 3543 868 3654 prioribus,
895 3541 1018 3654 quam
1036 3571 1142 3629 accu-

216 3665 332 3754 ratior
363 3666 547 3775 inspediio
579 3664 788 3780 alsampllci
816 3668 978 3766 intuitu,
1004 3659 1142 3760 autad

898 3872 904 3882 ,
945 3791 1141 3878 summum
