2498 4358
110 241 210 359 tro
294 317 299 322 .
436 222 517 330 Dr
540 219 790 337 Μελὶεὶηιι
816 222 1019 336 Mentis·
1102 334 1105 343 .

235 401 407 507 natidve3
445 413 485 492 δι
533 405 600 491 ubi
637 407 747 491 nulla
775 403 850 490 a'lia
888 405 1006 492 datur
1039 401 1167 501 causari

236 552 359 638 quare
388 528 542 613 adhoc
572 528 636 613 vel
666 530 766 615 illud
793 556 914 640 genus
933 525 1166 624 referuntur,

239 668 307 732 out
341 653 390 736 ad
426 653 545 738 aliam
568 651 733 738 aliamve
766 649 920 738 cladem
953 653 1165 765 pertinent.

237 776 399 887 Nempe
425 805 474 860 ex
494 805 546 862 eo
564 774 743 890 quaedam
762 778 889 862 oritur
901 765 1168 860 reminiscendi

243 923 321 1001 ars,
349 900 471 1013 quod
500 904 606 986 varia
636 902 674 982 in
694 929 816 985 unum
836 899 985 1012 aliquid
1005 895 1168 982 colleaa

240 1021 279 1103 in
295 1023 488 1107 memorii
500 1024 603 1125 dein,
630 1022 736 1136 quafi
752 1023 940 1134 finguIare
957 1021 1034 1106 hoc
1044 1015 1167 1128 ipsunt

242 1139 348 1247 offset,
374 1147 656 1234 recondantur:
685 1147 833 1232 Verdm
862 1143 1169 1261 quodamsed,

243 1267 283 1350 id
303 1288 452 1353 naturae
474 1267 569 1354 licet
588 1270 817 1383 opituletur,
845 1298 922 1354 non
943 1289 1083 1354 tamen
1103 1265 1169 1351 hu-

241 1389 435 1498 juscevim
449 1403 602 1481 audiam
615 1389 689 1478 effe
703 1393 949 1480 demonstrat.
1140 1387 1145 1398 ’

71 1671 208 1739 Memora
300 1645 422 1742 Quod
455 1648 600 1729 attinet
631 1665 766 1731 autern
785 1643 834 1728 ad
852 1645 1055 1728 memorie
1069 1657 1172 1724 tena-

66 1754 170 1832 !‘'¹²'¹'⁸·
207 1877 212 1885 Ι
250 1768 428 1869 citatem,
452 1770 525 1851 alia
548 1771 611 1852 est
629 1767 752 1855 senilis
782 1767 830 1852 ab
856 1765 922 1870 ed,
948 1792 1038 1880 quae
1059 1765 1172 1877 priori

248 1918 331 1975 evo
352 1895 574 2002 competit:
598 1898 694 1976 Haec
713 1895 860 2005 quippe
875 1919 940 1975 res
959 1889 1099 1974 eidem
1113 1913 1172 1969 re·

247 2033 381 2098 center
413 2011 608 2125 inrpreisas
633 2016 797 2099 uir-idida
830 2015 969 2113 habet;
1000 2011 1071 2096 iila
1087 2006 1174 2094 uero

249 2133 286 2220 fe
305 2137 508 2249 quondam
525 2139 685 2248 vigente
704 2143 876 2248 perauas
898 2138 1028 2247 potiris
1049 2159 1175 2218 reeor-

249 2259 328 2345 dari
348 2261 568 2347 consuevit:
596 2262 685 2347 lino
700 2272 740 2349 &
761 2260 992 2374 grandaevis,
1019 2285 1110 2372 quoe
1123 2259 1177 2339 in·

248 2387 448 2471 termediae
475 2386 576 2492 sunt,
596 2387 824 2500 trequenaer
837 2381 1100 2472 err-memorii
1113 2411 1176 2466 err·

251 2514 412 2614 cidunt;
439 2515 696 2618 dumearunr,
725 2515 1176 2627 quae-prinrovitaetem·

252 2667 344 2751 pore
381 2638 533 2741 fierent,
574 2639 754 2722 accurate
787 2634 982 2721 reminisci
1021 2651 1177 2748 queant.

250 2768 374 2869 Cujus
407 2769 462 2847 rei
495 2765 593 2845 ratio
626 2761 797 2864 videtur,
824 2761 933 2876 quod
961 2760 1064 2845 dum
1088 2757 1191 2843 vali-⁴

253 2887 336 2968 diris
351 2889 520 2969 attentio
539 2883 603 2966 fibi
621 2889 852 2970 excitaretur
865 2877 1080 2970 ›affeauum
1099 2882 1176 2965 ani-

251 3014 308 3093 mi
329 3007 672 3093 vehementiorum
685 3013 869 3120 ·ope,aqui
882 3028 977 3094 tunc
990 3004 1177 3116 temporis

248 3134 519 3244 corripuerunt
537 3124 694 3245 quando
706 3135 743 3214 in
762 3132 924 3216 fortunae
938 3127 1108 3241 palastrai
1119 3153 1180 3208 ex-

152 3272 154 3277 “
251 3279 487 3359 eicerentur,
516 3285 573 3340 res
590 3256 641 3338 ab
658 3257 863 3364 aliis-gestae
881 3252 1058 3365 infign'ais
1083 3257 1121 3338 in
1142 3249 1176 3336 se

253 3381 453 3492 defignatae
487 3408 533 3464 ac
564 3377 669 3491 quasi
704 3379 910 3462 collinratae
933 3386 1069 3488 pedus
1093 3378 1180 3460 inti·

253 3502 353 3586 miris
400 3524 620 3614 tangerent,
655 3520 773 3612 atque
813 3501 976 3587 arnarids
1012 3519 1180 3585 urerent.

252 3631 322 3710 Hae
356 3627 446 3710 dein
476 3627 632 3714 eosdem
655 3632 787 3740 quiete
819 3633 896 3731 jam
917 3621 1097 3711 fruentes
1115 3653 1180 3709 ne-

251 3780 331 3867 que
362 3757 527 3865 negotiis
558 3753 770 3855 divexatos,
798 3750 933 3846 verimi
965 3770 1075 3834 extra
1100 3750 1178 3833 tela

988 3871 1179 3982 ejusmodi
