2498 4358
266 209 347 316 De
374 206 626 358 Medicina
653 210 846 320 Mentis..

81 400 190 513 sagax
209 400 258 483 ad
279 427 415 501 verum
436 397 592 507 propiirs
619 399 784 502 accedit,
830 379 1014 512 notisque}

81 524 363 637 deprehendiu
387 520 489 605 unde
526 518 695 628 idipsum
727 523 890 609 tandem
920 536 1013 635 cog*

79 653 317 741 noscendum
352 649 405 736 srt.
468 654 519 732 Et
556 668 711 733 tantum
738 651 857 740 ualet
892 648 1013 756 hujus-⁴

78 779 189 862 modi
227 780 370 861 mentis
402 771 584 883 frequens
617 778 859 876 exercitatio,
884 793 932 859 ut
963 769 1013 859 err'

76 895 268 983 levissimis
319 896 422 977 notis
470 925 555 985 rem
599 896 719 1007 ipsam
772 897 987 1010 expiscetur
997 924 1012 999 ι

76 1024 195 1136 quale
214 1116 215 1120 Ν
234 1019 399 1135 quidem
430 1014 545 1123 hisce,
589 1031 757 1133 quoium
791 1040 903 1109 inens
936 1027 1015 1107 nri-⁵

1050 195 1157 351 27⁵3,

76 1149 182 1230 nime
206 1145 411 1258 sagacitate
430 1146 562 1229 dotata
589 1149 786 1233 rationum
807 1146 1011 1236 momenta
1133 1173 1135 1178 ·

75 1264 174 1352 serid
207 1266 445 1379 perpendere
483 1265 655 1368 assuevit
697 1274 763 1353 vix
804 1277 1014 1384 contingit:

76 1392 240 1490 Proinde
258 1390 330 1477 usu
349 1411 468 1503 atque
488 1390 725 1532 experientia
752 1392 915 1498 discunt,
942 1403 1016 1507 qui·

76 1516 308 1626 multiplicia
337 1521 498 1597 tractare
521 1518 678 1625 negotia
697 1513 835 1617 solent,
861 1522 1016 1601 minuta

74 1639 258 1749 quaedam
282 1620 527 1735 observandor
569 1636 679 1721 unde
705 1650 836 1722 toturn
861 1638 1010 1746 pendet

73 1762 215 1850 eadem
241 1758 472 1845 absolvendi
479 1759 701 1860 artificium,
739 1770 828 1874 quae
847 1762 1009 1874 quidem

73 1904 156 1969 tam
175 1885 260 1998 ipsrs
280 1883 470 1996 perspedia
491 1883 591 1987 sunt5
617 1884 737 1997 quam
765 1889 907 1993 majora
927 1889 1013 1991 isla3

72 2035 160 2119 quae
194 2011 540 2093 inexercitatorum
579 2013 842 2093 attentionem
891 2025 1012 2097 occu

71 2155 176 2245 pant,
210 2131 419 2244 qualidque
452 2133 688 2219 advertendo
717 2164 800 2218 rem
836 2163 904 2218 acu
923 2149 1009 2220 tan-¹

10 2259 13 2267 ’
71 2286 161 2369 gere
187 2281 437 2367 nequaquam
487 2251 650 2362 possunt.
712 2258 922 2342 Enimverd
959 2259 1008 2347 err

69 2375 264 2491 sagacium
291 2375 503 2462 illiusmodi
537 2376 867 2466 observationibus
884 2380 1009 2496 usque

71 2507 122 2590 ad
148 2507 328 2611 peritiam
357 2502 529 2612 reptitis
557 2522 676 2614 atque
708 2504 785 2586 una
806 2510 1020 2615 congestisp·

70 2648 165 2712 ortae
185 2623 354 2737 primum
374 2621 485 2709 fuere
513 2623 727 2734 disciplinae,
755 2655 838 2739 quae
864 2637 904 2711 dc
920 2630 1020 2739 ipfia·

69 2751 313 2849 excoluntur.
365 2748 486 2835 Hasce
526 2752 683 2867 interim
732 2756 799 2862 qui
849 2754 1019 2862 posteris·

70 2873 235 2958 feliciter
267 2868 525 2972 tradiderunt,
565 2876 756 2984 promtius
785 2880 904 2984 atque
940 2890 1006 2962 err-²

72 3000 242 3107 peditius
260 2998 308 3080 ad
327 3002 407 3079 veri
435 2997 598 3108 salsique
617 3002 799 3081 notitiam
826 3004 902 3082 iter
918 3000 1004 3108 ipsra

70 3122 358 3222 monstrairunt:
405 3119 469 3206 Ab
496 3121 574 3204 uni
608 3142 750 3230 nempe
782 3151 822 3205 re
843 3122 1007 3236 cognati

70 3247 121 3330 ad
140 3248 254 3332 aliam
287 3244 569 3345 ιιιιιιιιιιίιιέιιιιι,Ι
596 3252 634 3329 &
656 3264 789 3329 totum
819 3245 909 3329 hinc
934 3271 1003 3353 ge-

71 3396 143 3452 nus
176 3369 481 3477 cognoscendum
527 3367 743 3466 ostendunt,
783 3364 1002 3481 generique

70 3495 144 3576 alia
162 3517 245 3602 quae
266 3495 314 3575 ad
346 3493 418 3578 hoc
447 3491 569 3601 ipsum
602 3489 831 3594 referuntur,
857 3499 896 3576 δι
915 3494 1022 3605 quaa.

72 3616 287 3725 analogiam
306 3617 493 3729 quandam
525 3647 600 3728 prae
633 3616 668 3700 se
700 3617 841 3718 serunt,
866 3644 913 3700 ex
931 3645 1000 3701 eo·

72 3741 167 3847 dern
202 3743 426 3854 investigare
472 3745 705 3855 praeripiunn
770 3743 830 3829 ilii
869 3756 1001 3827 autem·

503 3868 545 3963 r
904 3865 1020 3964 inter·
