2498 4358
102 208 170 343 io
410 232 489 344 De
516 226 767 348 Medicina
794 233 999 347 Mentis.

234 417 370 529 jungit,
397 417 760 532 afflueeosdem
774 423 1013 526 modulatur,
1039 444 1087 510 ut
1101 449 1190 534 au·-

233 570 294 627 res
321 544 493 629 eruditas
527 541 691 628 suaviter
729 548 952 648 mulceant3
992 574 1167 659 quorum

235 665 325 751 dein
352 666 524 756 oblivisci
550 667 648 779 aegri
677 667 785 753 licet.
838 677 1049 783 Propterea
1069 671 1165 755 veru

233 791 436 879 numerosa
447 791 526 875 haec
540 787 718 875 sonorum
733 790 957 877 modulatio
974 823 1067 879 curn
1082 814 1168 878 tan-

235 914 278 1000 ti
308 917 466 999 subinde
494 913 703 1026 voluptate
729 913 942 1018 exhibetur,
967 938 1014 1002 ut
1038 913 1166 1002 facul·

234 1058 358 1123 tatem
386 1039 556 1145 judicem
581 1057 734 1148 captam
755 1037 935 1123 abducat.
988 1039 1033 1124 Id
1053 1039 1167 1152 quod

234 1159 408 1246 maxime
422 1153 541 1243 efficit
559 1161 614 1241 vis
634 1159 883 1269 imaginandi,
909 1186 1038 1271 quum
1057 1165 1166 1249 auxi·

231 1283 283 1366 lia
305 1299 531 1366 caeterorum
551 1277 744 1384 sensuum,
769 1309 814 1365 ac
834 1282 1042 1393 prasertim
1069 1311 1165 1368 ocu-

230 1406 359 1492 lorum
376 1403 581 1506 adhibeat;
607 1406 834 1520 utiquando
853 1406 963 1515 signis
975 1407 1075 1514 ipsos
1095 1435 1164 1490 co-

231 1528 317 1616 tim
346 1527 460 1615 sonos
490 1526 676 1631 delineat,
701 1543 791 1640 'quac
822 1527 912 1610 dein
932 1527 1032 1638 figna
1057 1547 1165 1612 tena-

231 1657 329 1743 citer
347 1652 507 1746 eosdem
525 1657 728 1737 memoriae
746 1656 976 1762 imprimunt
991 1694 1003 1751 ς
1030 1680 1074 1736 ac
1102 1651 1164 1734 sae-

232 1810 283 1894 pe
308 1786 515 1890 conjuncta
542 1780 600 1864 hae
619 1784 718 1865 vires
750 1776 886 1862 fortius
916 1784 1065 1862 animos
1085 1781 1166 1863 irri-

231 1927 330 2011 tant,
357 1925 405 1991 ut
439 1931 589 2016 aequam
619 1903 765 1989 servare
798 1924 975 1987 mentem
995 1903 1164 1987 arduum

229 2031 287 2115 srt.
344 2030 463 2119 Unde
484 2029 650 2112 demum
668 2027 825 2130 accidit,
851 2051 900 2113 ut
919 2030 967 2113 ad
993 2047 1123 2141 partes
1140 2027 1165 2121 a}

117 2246 121 2255 ,
228 2184 322 2243 vero
336 2160 478 2243 alienas
496 2182 775 2268 nonnunquam
788 2154 903 2263 judex
913 2155 1137 2243 inclinetur.

57 2442 123 2519 op.
141 2447 185 2506 ,μ
285 2409 495 2490 Enimvero
510 2406 655 2489 mentis
669 2422 803 2489 natura
818 2403 917 2503 bene
939 2403 1079 2488 habere
1099 2404 1164 2489 ne-

54 2464 202 2667 311?ss⁶st
230 2535 335 2644 quit,
347 2528 412 2615 nist
430 2556 570 2612 omnes
590 2532 669 2635 ejus
691 2527 900 2613 facultates
920 2531 1082 2639 principi
1096 2559 1164 2614 au·

51 2630 204 2767 peracri?-
229 2653 411 2755 scultent‚
437 2681 508 2736 nec
528 2656 689 2737 omnino
715 2656 752 2733 ei
775 2656 856 2735 vim
880 2649 1056 2750 inferant,
1087 2656 1162 2734 im-

228 2776 435 2889 pediintve
463 2804 661 2862 neretum
696 2775 838 2886 species
855 2774 1016 2876 fineen,
1041 2795 1162 2882 prout

228 2900 343 2985 nudae
362 2898 384 2982 a
402 2900 518 2984 rebus
535 2902 825 3011 imprimuntur,
852 2897 1160 2984 eidem-offeran-

226 3044 315 3108 tur:
347 3020 408 3107 Ac
428 3023 518 3105 dein
537 3024 604 3107 nist
622 3020 831 3123 sententiae,
849 3024 985 3134 quales
1003 3025 1159 3109 mature

227 3177 305 3233 non
324 3147 419 3231 veri>
439 3147 677 3259 praeproperi
698 3146 886 3247 feruntur,
914 3149 951 3227 in
967 3144 1160 3229 memorii

227 3272 482 3361 custodiendae
505 3291 755 3382 reponantur.
808 3277 902 3367 Quo
929 3274 969 3352 in
998 3273 1162 3381 negotio

224 3398 462 3508 imaginandi
480 3402 538 3482 vis
555 3395 650 3500 juffis
670 3400 847 3508 principis
861 3396 1060 3497 obedum,
1075 3424 1160 3476 me·

224 3523 358 3602 moria
393 3517 713 3631 praesentiffimum
744 3518 1064 3631 utiliffinn'rmque
1093 3546 1160 3604 au·

223 3647 359 3731 xilium
379 3645 665 3746 subministrare,
692 3647 784 3755 quin
808 3650 847 3728 &
865 3643 1039 3749 ejusdem
1056 3661 1157 3727 nutu

224 3797 289 3853 eas
319 3769 385 3855 vel
416 3743 636 3878 fingulatim
670 3787 739 3853 aut
770 3769 893 3855 etiam
924 3767 1158 3870 conjunctim

982 3883 1160 4003 proferte
