2498 4358
68 273 164 389 142

378 248 459 366 Dc
484 212 736 367 Medicina
762 247 954 362 Mentis.

199 436 348 546 quippe
365 462 453 547 quae
473 463 636 521 munere
653 433 722 520 suo
742 435 816 521 rite
829 437 1022 552 fungitur,
1038 445 1137 533 du'm

197 562 387 670 imagines
413 559 461 644 ad
480 579 658 644 naturam
679 588 809 645 rerum
831 565 1011 673 proxime
1026 595 1139 654 acce-

200 684 339 769 dentes
358 683 526 769 exhibet.
582 689 833 796 Quapropter
852 690 1048 797 perpetuo
1079 692 1100 777 s
1121 744 1139 761 -

198 805 409 922 spicionem
441 807 631 916 ejusmodi
661 811 717 891 vis
749 806 928 895 illusoriae
948 812 1085 898 fovere
1097 819 1139 923 iis

201 936 1139 1048 mmfflwmmmmmm-

199 1081 330 1147 ruunt.
382 1065 540 1147 Etenim
558 1059 674 1168 judex
693 1062 770 1174 ipse
788 1062 902 1149 causi
920 1064 1137 1151 istiusmodi

201 1188 397 1297 corrumpi
410 1182 524 1286 solet,
550 1184 619 1269 ubi
645 1186 685 1267 in
712 1188 952 1297 imaginandi
976 1188 1138 1278 faculta-

201 1335 288 1398 tem
324 1312 440 1424 culpa
469 1309 549 1394 sere
578 1313 757 1417 rejicitur.
815 1318 967 1398 Interea
1010 1318 1158 1429 liquet.

200 1440 284 1524 vim
311 1434 546 1545 imaginandi
576 1433 624 1517 ab
655 1435 774 1518 animi
810 1431 1008 1523 affeaibus
1041 1437 1137 1552 saepe

198 1564 394 1672 adaugeri,
420 1581 540 1672 atque
550 1557 708 1643 eosdem
721 1562 758 1642 in
775 1561 892 1645 causi
905 1560 995 1663 esse,
1013 1593 1137 1678 quare

157 1689 163 1712 ¹
200 1685 387 1794 &specie
417 1687 497 1767 veri
532 1679 672 1768 receive
704 1678 829 1767 isthac
862 1685 1061 1799 decipere,
1096 1696 1135 1774 &

199 1814 316 1921 iudex
349 1808 461 1893 fimul
490 1811 530 1890 in
556 1827 684 1917 partes
716 1808 814 1908 trahi
841 1808 967 1918 possit.
1021 1811 1136 1913 Quo-

202 1932 321 2046 usque
346 1933 464 2040 igitur
487 1933 659 2037 pertinet
689 1932 923 2043 imaginandi
957 1935 1137 2045 potestas,

202 2054 278 2139 hoc
303 2051 452 2162 semper
483 2056 614 2135 animo
646 2052 761 2158 objici
793 2082 864 2165 par
898 2056 967 2158 est,
995 2083 1135 2168 nempe

202 2207 291 2262 eam
313 2175 363 2260 ad
395 2173 515 2257 fidem
547 2179 786 2286 argumentis
816 2178 1036 2263 faciendam
1062 2182 1136 2263 mi·

201 2301 309 2388 nime
328 2303 510 2385 idoneam
529 2295 627 2398 esse,
656 2302 844 2412 quoniam
870 2301 967 2385 nihil
982 2308 1035 2390 er>
1056 2331 1135 2387 ma-

201 2430 260 2538 gis
300 2428 452 2511 veritati
489 2422 698 2507 rationive
726 2423 1032 2513 consentaneum
1072 2430 1137 2541 est,

205 2553 318 2667 qudd
346 2557 447 2640 illius
465 2548 608 2665 species
637 2555 677 2635 in
707 2554 986 2665 imaginatione
1012 2557 1136 2642 vivide

205 2681 447 2796 depingatur,
472 2679 539 2762 ubi
562 2681 710 2792 semper
740 2681 788 2764 de
820 2710 949 2766 errore
984 2683 1136 2794 pericli-

202 2815 308 2891 taris.
361 2803 507 2888 Verum
526 2804 552 2886 fi
570 2803 768 2890 fortissime
795 2805 1016 2911 hujusmodi
1042 2809 1134 2890 ima·

204 2935 308 3041 gines
320 2950 494 3013 mentem
509 2930 738 3041 percellant,
765 2931 1133 3045 inclinentq'ueeam

206 3058 255 3141 ad
280 3057 400 3141 fidem
428 3052 511 3162 ipsrs
529 3074 716 3166 tanquam
746 3055 845 3141 clare
872 3055 1037 3164 depisiis
1070 3055 1135 3139 ad·

205 3181 428 3280 bibendam,
475 3205 530 3259 nae
564 3178 640 3259 illae
675 3181 716 3258 in
750 3176 915 3263 dubium
955 3178 1135 3262 vocanda

203 3306 305 3409 sunt,
343 3323 484 3413 utpote
517 3331 614 3414 quas
643 3297 850 3386 affeeiuum
883 3302 1135 3384 vehementiae

206 3433 334 3544 potiris
360 3428 482 3544 quim
513 3431 679 3512 decretis
711 3429 858 3532 judicis,
886 3431 956 3541 qui
994 3456 1133 3514 verum

207 3561 318 3647 caute
337 3561 542 3660 examinat,
570 3555 701 3638 deberi
726 3553 928 3637 verifimile
947 3555 1016 3638 est.

1013 3795 1136 3903 Quod
