2498 4358
263 186 344 305 De
372 179 621 302 Medicina
644 184 848 310 Mentis,
1005 174 1007 179 Α
1059 183 1162 326 169

80 362 252 464 bendere
313 351 454 474 potest.¹
506 362 629 467 Sicuti
681 364 806 447 menti
842 359 865 459 d
900 357 1021 476 scopo

81 494 255 607 aberrare
275 485 386 594 licet,
411 487 778 634 quandocunque
756 518 781 581 a
804 516 942 591 norma
958 517 1021 578 re

82 621 201 711 cedit
257 622 350 701 Haec
381 616 476 715 uero
505 615 611 724 nulia
630 619 684 700 est
698 637 838 730 preter
856 643 942 702 rem
961 621 1024 729 ip·

79 745 178 849 sam,
200 742 251 828 ad
283 770 404 856 quam
433 744 651 853 peremnia
670 741 860 856 quadrare
879 745 1025 831 mentis

80 886 300 978 conceptus
319 885 440 977 atque
457 865 600 972 judicia
614 887 789 979 oportet
841 865 1025 978 Ideoque

79 991 344 1095 firamnratici
369 991 546 1076 nonnulli
566 1017 710 1077 nomen
729 1013 812 1073 verr
806 986 908 1073 ab
897 1010 1024 1077 rntene

80 1119 158 1232 firi
179 1114 366 1230 particuli
384 1140 435 1200 ue
452 1113 506 1198 rei
531 1115 733 1230 praepofitd·
751 1116 1022 1224 deduxerunt;

81 1241 344 1355 &scriptores
363 1244 532 1343 Romani
551 1241 605 1328 usr
623 1239 784 1350 suerunt
801 1266 904 1346 uero,
932 1264 1022 1331 tun·

81 1396 206 1483 quem
238 1367 461 1481 oppositum
492 1368 585 1476 esset
612 1372 662 1469 ei,
694 1368 804 1482 quod
835 1375 1021 1482 opinione¹

80 1513 293 1606 receptum
326 1495 409 1595 esi3
438 1501 478 1580 ἃ
512 1493 700 1608 siquando
730 1522 867 1578 verum
898 1497 1023 1585 latere

84 1620 262 1735 quemvis
287 1622 438 1732 nequit,
464 1637 556 1704 tum
576 1618 740 1702 demum
759 1617 1025 1731 opposuerunt

84 1746 192 1866 simp,
224 1744 335 1857 quod
370 1742 498 1854 solum
532 1747 770 1854 praetexitur,
804 1771 934 1859 neque
961 1775 1023 1857 ‘err

84 1867 230 1960 fincerd
248 1871 398 1953 mentis
425 1866 612 1959 sententii
638 1871 777 1971 oritur,
803 1866 869 1951 sed
887 1868 1021 1958 fidium

85 1995 385 2111 quiddam
299 1995 353 2077 est
377 2035 385 2053 ·
411 1994 517 2082 &fic
535 1999 775 2080 contrarium
802 1996 933 2081 eidem
954 2001 1026 2086 siat

85 2121 353 2229 mendacium.
407 2126 460 2206 Et
499 2125 630 2208 Graeci
667 2118 872 2231 quidem
867 2144 1024 2224 verum,

85 2246 200 2365 quod
229 2244 388 2338 adrem
414 2243 533 2352 ipsam
553 2244 733 2356 quadrat,
761 2231 925 2339 eeaiviel
947 2268 1025 2348 eei

86 2412 189 2473 φυμον
217 2370 374 2472 dicunt,
402 2368 428 2453 s
429 2389 498 2454 cut
530 2373 727 2481 integrum
767 2363 1026 2578 apertumque

86 2519 234 2589 mentre
246 2497 396 2586 sensum
415 2500 604 2584 denotant
623 2525 721 2584 voce
741 2511 849 2589 canui
818 2534 890 2594 sm
916 2494 1026 2613 quod
1098 2578 1100 2582 .

87 2626 199 2714 nihili
221 2625 344 2708 oblita
361 2654 471 2712 mens
495 2644 629 2708 totum
650 2623 804 2733 prodat,
831 2628 895 2707 vel
914 2620 1026 2736 quod

86 2749 184 2860 nihil
204 2754 258 2832 rei
271 2753 472 2860 proprium
485 2746 606 2860 ipsam
621 2745 762 2856 fugiat.
815 2745 939 2844 Quod
959 2771 1027 2830 au·

86 2895 178 2960 tem
205 2903 281 2959 non
312 2874 427 2984 longe
454 2874 504 2958 ab
524 2871 746 2956 hdo-normaA
767 2872 950 2955 recedere
971 2874 1028 2952 vi-

89 3001 225 3101 detur,
252 3002 333 3083 veri
358 2997 479 3081 fimile
511 2997 586 3082 hoc
617 2995 742 3108 ipsum
764 2998 931 3097 dicitur3
958 2997 1045 3082 ubil
1151 3017 1155 3035 “

84 3127 143 3250 ad
157 3125 369 3218 modulum
393 3122 519 3221 mimis
532 3122 711 3206 accurate
725 3119 940 3270 respicitur

149 3376 379 3475 Quinetiam
408 3374 552 3485 gradus
581 3371 710 3483 plures
731 3368 892 3481 subinde
911 3395 1028 3480 appa·
1049 3424 1142 3503 Vmfi
1143 3429 1191 3482 mc-

89 3523 196 3604 rent‚
223 3500 365 3611 quibus
384 3500 578 3611 sententiae
597 3496 733 3602 judicis
753 3494 801 3579 ad
817 3498 1101 3581 veritatemiu
1050 3506 1101 3562 rm
1103 3507 1171 3562 dmi

89 3626 253 3741 propius
282 3623 485 3726 accedunt,
513 3640 738 3708 nontamen
760 3617 808 3723 ad
827 3589 1158 3729 ipsamgpe-duf

90 3757 201 3876 nitus
225 3752 466 3872 pertingunt.
520 3748 609 3836 Alia
628 3747 808 3892 quippe
796 3771 856 3827 res
874 3740 947 3826 alii
968 3769 1033 3824 ve-

1002 3862 1034 3941 ri
