2498 4358
97 264 173 385 74
417 233 497 356 De
524 230 774 373 Medicina
802 233 995 344 Mentis.

239 438 281 512 te
299 419 442 533 quibus
453 422 535 506 otia
549 409 627 512 non
641 420 797 521 dentur,
827 417 1043 534 nrolliique
1068 423 1173 533 vita,

238 576 323 662 quat
353 549 454 633 tales
492 548 646 651 decent,
673 553 832 649 munia3
860 548 928 633 ubi
950 549 999 631 de
1038 553 1172 656 ijsdem

240 672 356 785 digna
382 672 566 783 proferre,
597 680 637 757 &
668 675 832 756 cortices
864 693 1049 778 armatos,
1082 683 1171 790 qui-

239 799 313 895 bus
351 793 634 908 disciplinarum
669 793 755 882 fere
794 795 960 888 thesauri
990 802 1173 914 integun-

241 943 319 1026 tur,
345 949 592 1034 perrumpere
610 925 728 1014 liceat
756 955 766 1004 ε
824 927 903 1018 Qui
945 951 1018 1008 nec
1050 927 1173 1011 athle-

241 1054 321 1133 tico
352 1075 462 1132 more
477 1049 625 1136 viauae
658 1046 788 1134 eduni
817 1049 986 1133 latemm
1021 1053 1173 1163 pulmo-

244 1169 377 1285 nisque
411 1171 560 1256 labores
591 1173 788 1266 exantlare
829 1194 997 1285 queunt,
1043 1202 1172 1288 neque

241 1296 392 1388 cerebri
425 1295 529 1381 adei)
554 1295 686 1380 felices
720 1294 823 1398 sunt,
842 1318 890 1381 ut
917 1299 1020 1410 apud
1047 1302 1173 1386 litera·

201 1458 205 1471 ·
241 1451 331 1507 rum
350 1421 466 1507 rudes
496 1422 675 1513 audaner
693 1423 934 1510 tumultuari
963 1431 1004 1522 ὃς
1033 1423 1173 1534 seipsos

234 1547 490 1660 impudentii
520 1548 642 1634 humo
671 1549 815 1649 tollere
833 1549 982 1661 possint.

69 1801 200 1878 arcella
303 1803 405 1900 Hinc
435 1803 568 1912 ingens
603 1801 715 1909 illud,
755 1798 863 1911 quod
895 1803 936 1885 in
968 1800 1174 1888 Aristotele

69 1882 213 1964 Aristotelis
317 1929 324 1944 ,

70 1968 208 2033 &rana-
250 1946 410 2028 emmet,
438 1930 636 2036 ingenium
659 1929 707 2011 ab
745 1926 966 2017 Alexandro,
998 1931 1173 2038 politum

69 2048 113 2126 uj.
248 2049 339 2151 suit,
370 2055 440 2161 qui
480 2052 611 2133 eidem
656 2054 807 2162 copiam
847 2050 933 2134 satis
954 2053 1103 2164 largam
1128 2082 1174 2144 ex

250 2175 388 2288 opibus
422 2172 494 2260 suis
526 2171 688 2280 suffecit,
713 2198 757 2259 ut
794 2205 862 2288 per
898 2180 1032 2262 otium·
1054 2180 1173 2263 literis

251 2299 475 2385 cultioribus
501 2321 673 2384 mentem
688 2319 858 2402 ornaret,
885 2300 1175 2415 disciplinasque

215 2417 218 2421 ’
250 2451 299 2508 ex
318 2443 462 2508 naturae
485 2423 633 2509 distatis
668 2425 849 2507 nitidiore
865 2424 963 2534 stylo.
1002 2446 1175 2511 exaratas

250 2556 435 2641 traderet.
487 2561 576 2641 Nec
612 2555 715 2640 aliud
743 2555 855 2667 plane
894 2559 1073 2659 Horatio,
1109 2561 1176 2670 qui

252 2684 346 2794 saepe
374 2684 587 2768 Aristotelis
611 2687 797 2794 interpres
828 2684 893 2789 est,
912 2681 1082 2782 accidit3
1118 2683 1177 2766 cui

253 2816 349 2912 otia,
375 2838 461 2920 quae
482 2810 622 2909 voluit,
649 2809 743 2893 data
764 2808 837 2891 esse
859 2806 1100 2893 notiffimum
1115 2808 1176 2891 est.

252 2938 413 3042 Nempe
428 2937 578 3041 ingenia
595 2929 798 3017 hominum
813 2929 1014 3046 mor'esque
1034 2934 1178 3018 aulicos

254 3060 375 3173 probe
394 3063 516 3163 novit,
542 3070 582 3147 &
614 3059 709 3146 miri
741 3066 906 3172 puritate
934 3067 1065 3148 omnia
1097 3090 1178 3174 pet·

255 3184 410 3295 scripfit,
436 3214 512 3270 non
543 3205 729 3300 tanquam
767 3190 874 3270 villu
915 3181 996 3270 solo
1025 3184 1208 3297 fimplici'

255 3314 451 3425 expletus,
478 3317 544 3422 qui
578 3311 815 3398 stomachum
843 3311 1049 3393 latrantem
1084 3313 1180 3393 bene

256 3440 412 3540 leniret,
443 3434 507 3521 sed
534 3436 638 3544 quas
669 3435 691 3518 a
719 3433 855 3520 menfis
891 3433 1066 3518 secundis
1093 3437 1180 3520 Divi

259 3553 417 3631 conviva
451 3550 569 3632 animi
601 3545 702 3633 sensa
734 3549 859 3632 verbis
886 3545 1034 3630 disertis
1065 3571 1182 3656 expo-

258 3690 379 3754 lieret.

1076 3915 1184 4006 Defi-
