2498 4358
69 242 178 354 252

375 216 453 326 De
479 211 738 328 Medicina
761 219 968 334 Mamm

205 423 248 486 ra
271 403 347 488 alia
369 405 419 490 ad
440 405 605 492 eandem
625 404 955 521 comprehendere
976 405 1149 509 formam

205 526 445 637 aggreditur,
474 528 603 642 qualia
635 527 782 618 scilicet
807 527 900 617 sunt
918 540 1072 646 pineda,
1095 539 1148 624 li.

70 747 76 760 ,Α
102 649 128 740 f
206 677 305 753 neae,
331 679 377 737 ac
397 653 626 762 superficies,
652 680 743 767 quae
762 658 948 741 inunum
977 661 1151 750 connata

209 767 341 887 (quod
369 772 536 864 solidum
564 775 817 890 nominatur)
846 775 959 865 veli
989 770 1029 868 se
1055 783 1152 870 inui-

210 925 298 983 cem
318 897 488 1010 separata
508 901 638 989 secum
659 927 732 1011 pto
755 929 796 985 te
814 901 907 995 nati
925 905 1150 1014 perpendit.

207 1020 320 1108 Hisce
345 1025 495 1135 subiicit
529 1049 688 1115 motum
723 1048 845 1143 atque
881 1027 1058 1134 ejusdem
1095 1056 1150 1116 rt·

207 1150 351 1256 tiones,
385 1152 663 1266 adinvenstque
697 1148 769 1268 qui
796 1171 1033 1266 tempotum
1065 1183 1151 1241 nro-

207 1291 343 1359 menta
363 1271 572 1362 secundnm
600 1294 759 1361 motum
782 1296 1028 1364 annumeret.
1083 1280 1150 1364 Hit

208 1391 300 1481 dein
326 1398 457 1505 adjicit
485 1398 667 1484 sonorum
698 1425 767 1510 per
790 1416 908 1484 tonos
928 1397 1149 1486 distributo·

208 1547 300 1605 rum
335 1528 665 1626 numerationem,
692 1549 737 1607 ac
770 1525 963 1630 temporis
999 1521 1051 1607 ad
1080 1551 1149 1609 eos

208 1638 425 1757 spedantis,
466 1645 709 1763 rationesque
744 1673 886 1732 eorum
922 1642 1148 1734 conferendi

208 1796 253 1854 ac
272 1769 377 1857 varie*
397 1770 647 1857 continuandi
674 1768 816 1855 modos
833 1770 1148 1884 comprehendit,

207 1897 279 2005 qui
295 1893 451 1977 autibus
475 1892 638 1979 eruditis
656 1894 848 2004 placeant·
903 1896 1028 1981 Simili
1057 1921 1147 1980 mo·

209 2017 263 2100 do
283 2016 484 2099 innumera
516 2019 636 2101 etiam
667 2013 741 2097 alia
775 2018 985 2126 percurrit:
1025 2019 1138 2104 Nam

209 2140 308 2227 dum
327 2137 424 2223 hisce
444 2134 686 2248 inspiciendis
716 2135 945 2239 oblectatur,
968 2137 1145 2248 resipiat

208 2268 316 2349 uario
340 2261 463 2348 modo
494 2287 682 2347 connexas
714 2263 901 2362 intuetur,
927 2287 971 2344 ac
991 2259 1141 2347 diversit

210 2385 307 2501 saepe
325 2384 451 2471 modis
477 2383 544 2470 fibi
575 2388 740 2472 invicem
769 2382 990 2498 oppostas3
1037 2383 1143 2496 quas·

211 2513 302 2598 dom
322 2505 497 2621 eousque
527 2526 575 2594 ut
607 2508 680 2595 alia
707 2508 862 2611 tollant,
888 2508 958 2594 ves
995 2510 1142 2619 aliqua·

207 2661 323 2726 tenus
347 2652 583 2748 repugnent,
608 2631 773 2719 adeunt
802 2631 914 2720 simul
933 2629 1063 2721 adesse
1079 2662 1142 2718 ne·

210 2778 387 2875 queant,
420 2762 568 2870 aliquas
598 2755 739 2868 porro,
756 2753 909 2841 tametfi
936 2786 1019 2845 non
1043 2776 1144 2841 eate-

209 2913 282 2981 nus
301 2903 570 2994 repugnantes,
596 2885 690 2993 quin
709 2908 758 2972 ex
775 2880 909 2990 iisdem
932 2883 1142 2969 commistis

209 3012 374 3096 tertium
408 3006 609 3121 quoddam
628 3010 789 3093 emicet.
841 3009 943 3094 Hinc
977 3007 1146 3096 advertit

210 3135 444 3250 principium
472 3130 537 3215 seu
562 3129 715 3216 sontem
730 3131 964 3219 decernendi
982 3129 1062 3219 esse
1083 3129 1147 3217 fin·

212 3260 302 3369 gula
339 3255 560 3340 distribuere
593 3252 642 3336 ed
669 3258 850 3356 ratione,
873 3251 954 3366 qud
974 3249 1148 3367 matrimi

211 3379 370 3466 adversa
395 3379 522 3465 fronte
554 3397 752 3490 pugnent3
780 3379 964 3463 videlicet
996 3400 1048 3465 ut
1078 3409 1147 3465 nu·

212 3533 323 3588 mero
354 3507 490 3617 quouis
527 3506 576 3589 ab
611 3506 688 3588 alio
726 3501 935 3606 subtradim
979 3503 1146 3593 redditus

130 3724 136 3746 N
211 3627 323 3711 tanti
341 3623 491 3711 summai
517 3652 593 3709 non
609 3644 842 3735 compareat.
895 3629 960 3714 Sic
981 3621 1145 3713 triburi

155 3846 157 3852 ,
211 3767 385 3867 quatum
402 3747 597 3863 subductis
614 3746 805 3880 partibus,
824 3747 976 3846 uidua
1005 3747 1144 3844 erdem

1099 3899 1142 3963 ds)
