2498 4358
66 229 139 408 9⁶.

378 229 459 338 Dc
478 227 728 347 Medicina
752 236 951 360 Mentis.

204 444 316 503 mum
341 441 510 508 notetur.
552 420 620 509 Ad
641 420 744 508 hunc
772 423 938 508 modum
958 417 1141 507 Phaedrut

206 527 271 639 (a)
253 527 522 639 )historiolam
540 533 659 617 tradit
672 535 766 618 mali
833 531 980 636 jusdam
989 528 1143 630 sutoris,

205 670 329 754 quem
364 673 432 729 rex
462 642 568 730 urbis
602 643 652 729 ad
688 643 802 729 confe
764 561 959 729 seidonem
993 641 1141 753 adegit,

208 760 244 847 se
263 794 343 850 non
362 772 453 851 artis
484 765 691 878 prudentii
715 766 791 851 eise
829 768 1049 871 medicum,
1074 794 1140 850 ve·

208 917 291 976 rum
309 890 417 1000 vulgi
436 892 590 1003 stupore
620 886 768 981 facium
793 892 967 977 nobilem
997 925 1008 974 t
1052 890 1138 979 Ubi

207 1011 312 1122 priris
336 1012 537 1117 docuerat,
573 1044 654 1129 quo
686 1019 764 1100 ritu
792 1018 987 1127 stuporem
1015 1013 1138 1126 vulgo

207 1137 409 1238 injiceret3
458 1139 674 1236 venditavit
714 1138 862 1225 scilicet
907 1137 1137 1224 antidotum

208 1254 304 1345 falso
333 1263 505 1365 nomine,
536 1269 577 1348 ἃ
614 1261 779 1347 verbofis
810 1262 956 1347 famam
976 1260 1137 1375 strophis

207 1382 275 1467 iibi
308 1385 527 1498 adquiiivit.
579 1390 654 1471 Hic
685 1392 833 1501 quippe
854 1386 1015 1472 tumido
1040 1413 1136 1501 quo·

208 1509 300 1592 dam
329 1510 447 1596 scenae
483 1509 703 1598 inservienti
740 1512 904 1624 eloquio
937 1512 1055 1595 miras
1072 1535 1137 1594 an·

208 1636 330 1722 tidoti
359 1638 460 1722 vires
487 1637 696 1748 praedicans
734 1634 1037 1721 admirationem
1082 1631 1134 1718 sui

290 1996 341 2065 (a)
359 1993 456 2056 Malus
482 2012 575 2074 quum
599 1990 675 2055 sutor
699 1988 993 2075 inopiideperditm,

246 2084 422 2146 Medicinam
446 2086 548 2164 ignoto
571 2083 667 2146 faeere
691 2081 817 2166 coepiss'et
842 2086 920 2159 loco,

246 2179 285 2238 Et
310 2177 469 2239 venditaret
491 2174 567 2238 falso
588 2175 751 2240 antidotum
765 2176 894 2253 nomine,

246 2267 377 2333 Verboiis
398 2267 553 2353 adquisivit
571 2268 621 2334 fibi
644 2269 896 2353 famamflrophir.

247 2360 311 2436 Hic,
323 2385 412 2446 quum
425 2367 529 2448 jaceret
550 2368 656 2430 morbo
680 2367 822 2431 consedere
839 2370 921 2452 gravi

248 2459 315 2519 Rex
329 2459 419 2529 urbir,
434 2459 493 2541 ejus
512 2460 679 2542 experiendi
701 2458 802 2541 gratii,

248 2555 392 2636 Scyphum
413 2551 566 2636 popofcit;
584 2550 729 2616 fasidem
749 2551 884 2616 fimulam
896 2547 980 2636 aqui,

248 2650 390 2711 Antidoto
413 2646 531 2709 miseere
554 2645 676 2709 iliiusse
691 2647 832 2718 toxicum,

247 2749 310 2804 Hoc
323 2745 421 2805 bibere
440 2739 516 2822 juffit
539 2738 642 2822 ipsum,
662 2736 751 2823 pofito
773 2739 903 2824 praemio.

251 2836 372 2896 Timore
393 2833 494 2892 mortis
518 2832 646 2892 illerum
659 2829 800 2894 conieffus
811 2832 852 2891 est

248 2937 316 2995 Non
330 2932 399 2993 artis
412 2927 473 2994 ulli
497 2931 639 2993 medicum
657 2931 687 2994 se
701 2930 863 3016 prudentii,

248 3021 354 3088 Verium
374 3024 488 3107 stupore
510 3025 595 3108 vulgi
622 3023 728 3086 fadum
741 3027 878 3089 nobilem.

248 3123 317 3183 Rex
343 3115 480 3181 advocati
490 3120 629 3182 concione
641 3121 701 3182 haec
718 3121 854 3193 addidit3

248 3219 372 3300 Quanto
393 3213 502 3296 putatis
516 3211 571 3275 eise
591 3235 641 3275 vos
659 3214 822 3286 dementia,

247 3312 313 3392 Qui
333 3311 430 3392 capita
453 3310 542 3371 vestra
564 3329 624 3370 non
648 3309 791 3372 dubitatis
815 3310 940 3386 credere,

248 3409 307 3470 Cui
331 3405 497 3468 calceandos
509 3423 596 3468 nemo
618 3403 758 3468 commifit
774 3407 886 3486 pedes?

889 3568 925 3631 1..
949 3593 976 3636 r.
996 3568 1068 3638 nab.
1091 3592 1134 3651 14.

1037 3734 1136 3820 exci-
