2498 4358
264 215 370 330 ‘Dc
393 205 644 330 Medicina
668 210 869 323 Mentis.
1067 224 1173 345 217

77 398 290 488 -damentis
316 403 545 501 Innituntur,
572 425 705 508 neque
739 396 858 509 pluris
885 390 1032 492 valent,
1167 465 1169 474 ,

81 525 217 638 qnam
248 524 365 610 causae
398 552 459 606 res
489 519 585 636 ipsas
617 516 898 605 internoscendi
925 513 1033 600 exhi

78 651 210 734 ·bent.
263 655 357 736 Non
388 649 495 728 enim
529 643 578 728 ad
603 642 715 730 hasce
735 639 917 753 speciant,
942 666 1031 750 quae

97 772 138 858 in
169 774 285 858 rebus
311 773 387 857 srtae
413 767 603 869 suntsed
632 787 828 882 quatenus
854 760 942 875 ipsae
969 791 1035 848 co-

99 890 228 1007 gnosci
248 890 413 1003 possunt.
467 898 721 1004 Quapropter
750 894 949 974 rationum
978 887 1035 973 se-

98 1021 175 1106 ties
212 1017 315 1103 irrita
347 1019 414 1119 est,
440 1016 509 1100 ubi
545 1013 664 1105 causae
697 1011 954 1124 cognoscendi
984 1012 1034 1094 ad

98 1173 245 1240 omnes,
265 1146 485 1257 argumenti
504 1163 634 1255 partes
653 1170 730 1226 non
751 1145 1035 1255 pertingunt&

103 1272 344 1354 comitantur
364 1301 374 1350 ε
398 1269 523 1382 quue
556 1271 648 1381 quia
674 1266 726 1351 de
755 1268 869 1351 rebus
888 1264 1035 1377 discep-

92 1411 224 1501 tatur,
253 1393 426 1505 qualiter
451 1389 628 1501 cognosci
646 1388 812 1499 possunt,
840 1419 917 1477 non
937 1390 1034 1476 vero

102 1537 300 1630 quatenus
318 1537 496 1607 naturam
512 1516 634 1601 sensus
648 1519 791 1601 nostros
803 1513 1038 1628 fugientem,

100 1641 213 1742 cujus
243 1642 385 1730 indicia
420 1643 565 1727 eaedem
599 1643 823 1738 nullatenus
853 1643 1039 1753 praebent,

101 1765 145 1858 in
167 1760 204 1844 se
222 1771 549 1878 complectuntur.
1013 1801 1014 1804 ¹

118 2118 120 2120 v
162 2015 371 2124 Propterea
396 2019 645 2101 ratiocinatio
665 2015 763 2098 bene
782 2014 913 2120 habet,
938 2017 1037 2104 dum
1059 2053 1193 2118 Naana

106 2130 322 2227 secundum
356 2141 495 2242 iudicia
526 2138 662 2224 versare
696 2146 914 2225 autetiam
945 2141 1037 2228 falsa
1057 2135 1194 2236 istst&

108 2260 278 2372 colligit,
322 2294 409 2379 quae
456 2268 537 2371 jure
582 2267 721 2360 exinde
770 2265 877 2380 sequi
904 2290 1039 2380 patet.
1057 2232 1216 2381 sima

110 2386 234 2470 Unde
267 2390 518 2474 ratiocinandi
549 2386 711 2472 facultas
729 2387 858 2472 officio
877 2390 944 2477 suo
965 2397 1039 2481 rite
1055 2384 1134 2446 ΜΒ·

110 2503 225 2620 fungi
257 2515 394 2624 potest,
423 2512 571 2595 etiarnsi
601 2514 717 2621 judex
742 2518 782 2597 in
810 2545 959 2601 errores
982 2522 1043 2604 di·

111 2635 327 2742 grediatur.
379 2639 587 2720 Enimvero
621 2633 768 2721 insanus
800 2639 880 2739 ille,
906 2644 976 2750 qui
1002 2646 1042 2730 in

112 2760 234 2844 Piraeo
268 2758 558 2850 Athenienfium
592 2780 711 2870 portu
738 2764 867 2849 omnia
899 2791 1046 2850 merca·

114 2905 247 2967 torum
285 2890 432 2995 navigia
464 2884 686 2998 mercesque
718 2885 811 2972 inibi
845 2909 1048 2979 contentas

118 3012 168 3107 ad
198 3006 276 3093 sese
306 3016 388 3117 jure
423 3015 613 3122 pertinere
631 3005 866 3116 decreverat,
891 3023 1048 3105 tametsi

119 3140 234 3251 prave
255 3168 337 3221 rem
352 3141 603 3249 intelligeret,
629 3162 749 3252 atque
764 3147 802 3224 in
816 3172 946 3227 errore
960 3175 1048 3231 ver-

90 3259 276 3360 saretur,
302 3263 342 3344 id
374 3285 507 3346 tamen
541 3281 644 3345 ratus
677 3264 933 3371 proculdubio
971 3298 1049 3365 non

121 3387 198 3471 sine
230 3385 342 3474 causei
373 3387 512 3481 inserte
545 3391 688 3500 potuit,
714 3387 865 3470 sibimet
893 3412 1048 3482 tantum

123 3512 345 3596 divitiarum
379 3514 578 3623 polsrdenti
603 3515 720 3597 licere
749 3512 848 3608 hisce
865 3536 1051 3632 tanquam

124 3641 201 3726 suis
230 3639 291 3720 uti
320 3636 488 3756 fruique.
543 3639 665 3739 Quod
702 3637 728 3720 fi
754 3666 903 3723 errores
923 3647 1083 3746 judici·

124 3789 237 3856 orum
269 3762 308 3844 in
331 3760 426 3858 hanc
445 3762 582 3872 itidem
601 3761 830 3866 facultatem
850 3765 1057 3866 transeant,

937 3907 1058 4002 ,atque
