2498 4358
104 290 209 375 210

423 272 505 397 De
528 275 779 391 Medicina
805 280 1010 391 Mentis.
1070 245 1076 260 ι

245 457 359 542 causi
412 460 597 563 abscedit,
640 461 899 545 metuendum
936 459 1098 576 quidem
1132 487 1185 543 ne

247 588 391 666 mentis
411 587 592 670 alienatio
607 584 862 697 consequatur
880 626 891 685 3
921 588 1106 700 quoniam
1127 587 1188 668 nil

248 728 388 818 praeter
417 707 573 793 solitum
601 710 667 810 est,
694 707 805 823 quod
840 710 937 793 levis
978 709 1191 793 istiusmodi

182 937 185 943 .
250 829 404 918 affectus
420 834 552 918 senfim
572 832 709 918 evadat
729 829 1077 944 periculofisfimus.
1119 833 1193 918 At·

251 984 333 1069 que
363 961 416 1040 ita
445 955 540 1065 saepe
575 961 721 1058 evenit,
746 978 808 1058 ut,
833 955 1057 1069 priusquam
1079 954 1193 1039 fami-

250 1081 362 1162 liares
388 1079 583 1163 insuetum
598 1079 699 1162 hunc
719 1077 868 1163 sensum
887 1079 1079 1179 notarint,
1096 1106 1193 1162 ’rno-

250 1203 414 1314 r'emque
446 1204 687 1302 abnormem,
727 1231 846 1315 quem
892 1227 1002 1286 mens
1027 1201 1135 1287 hunc
1156 1207 1191 1286 in

251 1324 421 1410 modum
455 1326 613 1410 induere
642 1325 707 1409 fibi
740 1330 875 1438 coepit,
902 1324 1009 1409 isthic
1039 1324 1195 1422 crescat,

255 1459 295 1536 ἃ
314 1453 352 1533 in
368 1452 542 1538 habitum
562 1452 796 1535 deteriorem
811 1450 1096 1550 confirmetur;
1123 1451 1191 1562 qui

257 1582 297 1660 &
328 1601 599 1688 nonnunquam
627 1573 778 1659 radices
806 1577 845 1656 in
864 1570 1052 1658 insaniam
1071 1571 1191 1684 usque

257 1702 351 1811 agit.
397 1708 644 1812 Quapropter
662 1698 836 1782 medicus
853 1699 902 1783 ad
918 1695 1072 1784 sensum
1087 1723 1194 1780 com.

258 1855 423 1910 munem
455 1829 578 1911 veluti
612 1855 792 1912 normam
824 1822 994 1936 respicit,
1023 1820 1195 1938 dquofi

259 1976 381 2058 quem
415 1951 547 2032 videat
566 1976 701 2055 parum
731 1948 951 2050 deflectere,
978 1947 1048 2050 nisr
1067 1949 1193 2060 praeju·

261 2073 367 2176 dicijs
387 2071 609 2174 abductum,
636 2092 705 2156 aut
725 2074 1030 2191 perturbationis
1043 2071 1194 2185 repente

160 2194 165 2204 ’
260 2199 408 2286 obortae
438 2202 478 2282 vi
507 2196 664 2282 fimillve
693 2197 769 2282 alii
787 2200 936 2282 ratione
955 2188 1194 2309 perlnotum,

260 2325 351 2406 huic
377 2351 454 2406 non
488 2320 687 2407 immerito
721 2323 744 2405 ai
782 2326 924 2407 mentis
957 2324 1192 2410 alienatione

260 2450 337 2554 jam
372 2464 458 2531 tum
499 2445 715 2530 cavendum
752 2445 935 2532 censebit.
993 2449 1056 2530 Eo
1093 2448 1191 2528 enim

263 2569 453 2678 temporis
473 2566 641 2652 articulo
662 2570 799 2653 auxilia
818 2570 1082 2678 perquirenda
1102 2570 1193 2667 sunt,

262 2693 464 2804 quoniam,
490 2690 615 2772 modd
631 2692 670 2774 id
693 2692 920 2801 negligatur,
947 2694 1089 2777 exinde
1110 2719 1192 2806 pro·

264 2817 341 2896 lixa
354 2813 546 2897 malorum
569 2815 678 2897 series
691 2816 915 2928 insequitur.
972 2816 1119 2904 Altera
1137 2841 1196 2927 pa·

265 2941 360 3022 riter
391 2934 508 3020 datur
531 2937 738 3046 suspicandi
758 2937 883 3042 causa,
910 2938 1051 3052 fiquis
1065 2943 1200 3026 decen·

266 3065 322 3146 tia
353 3061 529 3162 omittat,
554 3066 726 3146 maxime
756 3065 825 3148 ubi
851 3066 899 3164 is,
923 3067 995 3176 qui
1018 3068 1126 3150 male
1148 3065 1197 3149 sa-

267 3216 340 3275 nus
368 3185 550 3285 creditur,
592 3211 704 3273 antea
735 3209 845 3274 totus
877 3191 916 3270 in
949 3189 1032 3274 illis
1064 3192 1196 3289 firerit;

265 3314 375 3397 ficuti
393 3313 516 3393 etiam
535 3339 656 3421 quum
674 3315 887 3395 recentium
906 3339 1104 3423 nugarum
1120 3318 1197 3430 qui·

268 3442 325 3518 vis
345 3434 504 3546 satagat,
529 3439 567 3519 in
586 3438 733 3548 quibus
748 3457 939 3548 tanquam
962 3445 1101 3550 magni
1122 3469 1196 3524 mo

270 3562 395 3641 menti
419 3558 536 3642 rebus
559 3557 736 3642 versatur.
790 3560 909 3645 Talia
927 3557 1012 3641 lane
1032 3563 1194 3668 judicem

271 3685 349 3788 jam
367 3680 538 3768 laborare
558 3683 781 3797 frequenter
799 3683 1022 3790 ostendunt,
1042 3708 1193 3771 eatenus

72 3909 79 3920 Ι
200 3842 204 3849 ’
271 3798 428 3928 scilicet,
453 3829 500 3889 ut
532 3812 758 3901 auctoritate
791 3804 854 3923 sud
884 3806 1056 3922 spoliari,
1083 3831 1193 3921 atque

1151 3923 1193 4064 ad
