2498 4358
261 195 845 345 De’-MedainaMemis.
1022 247 1155 364 Ιιςι9

81 412 269 522 tanquam
284 405 449 518 puberes
466 384 618 508 tradat,
645 435 702 515 naa
722 402 788 490 ilie
816 421 937 504 curat,
963 418 1022 489 ut

80 536 144 617 vix
163 550 337 645 unquam
356 529 460 614 ad
424 556 597 615 virorum
617 509 909 642 mulierumque
928 552 1021 639 per-

80 653 220 751 sedam
239 673 396 738 ararem
417 653 690 768 provehantur.

137 901 241 984 Huic
261 899 422 1012 proinde
451 898 538 985 doti
563 904 773 1014 opponitur
793 898 936 983 mentis
963 899 1021 978 in·
1038 906 1139 964 rarum

84 1024 194 1124 ertia,
220 1052 310 1137 quae
341 1029 493 1111 iterum
521 1025 666 1137 duplex
684 1025 852 1124 videtur,
878 1039 1018 1133 quates
1034 988 1171 1163 ‘'pag“

87 1177 158 1232 nus
177 1176 225 1231 ex
249 1149 415 1236 'sadvero
429 1147 637 1261 respondet
665 1148 757 1235 huic
785 1148 848 1232 vel
869 1148 927 1234 illi
960 1142 1021 1229 so
1039 1149 1146 1213 Μ’·

86 1270 206 1354 lertiae
224 1274 353 1383 parti:
403 1276 525 1378 Priori
560 1298 716 1383 nempe,
743 1296 830 1382 quae
860 1268 1023 1358 occafio·

87 1423 181 1501 nem
199 1401 537 1508 praetervolantem
568 1397 684 1511 seque
706 1394 935 1480 offerentem
962 1421 1023 1476 ar·

87 1523 210 1658 ripere
232 1525 359 1644 novit,
384 1521 407 1604 ai
434 1525 626 1629 eontrarijs
646 1524 716 1607 stat
736 1517 904 1633 parribus
923 1515 1024 1601 istud

88 1642 236 1727 inertiae
253 1670 390 1753 genus,
416 1646 483 1730 ubi
502 1665 684 1754 peccatur
714 1644 809 1727 hinc
834 1643 890 1724 ob
919 1641 1023 1724 rudi-

90 1781 215 1847 tatem
248 1787 370 1879 atque
401 1771 652 1880 imperitiam,
680 1788 750 1853 aut
780 1769 903 1851 etiam
937 1789 1023 1873 pra-

89 1913 184 1972 vum
205 1915 253 1974 ex
273 1889 550 1978 consuetudine
570 1921 721 1976 morem
739 1933 749 1991 ;
776 1894 881 1976 illinc
909 1912 1025 2002 prop·

90 2029 151 2095 ter
177 2016 364 2123 ignaviam
391 2039 457 2101 aut
484 2017 671 2122 ejusmodi
699 2017 976 2130 stupiditatem,
1003 2009 1026 2094 a
1067 2085 1070 2090 .
1137 2088 1139 2093 .
1170 2066 1189 2118 25

90 2137 169 2245 qud
189 2166 319 2221 rerum
339 2145 376 2222 in
395 2139 590 2252 praesentiri
608 2143 771 2225 utilium
808 2138 1028 2226 necessaria·
1135 2170 1137 2177 ’
1163 2169 1184 2191 ··

91 2259 226 2346 rsamve
243 2259 371 2345 sensus
403 2263 528 2346 abest:
556 2267 777 2350 ¹Posteriori
809 2265 903 2366 vero
936 2289 1024 2370 qua
1120 2251 1188 2353 4ssssssss

93 2387 197 2502 apud
228 2389 401 2472 animum
436 2390 596 2500 reperit,
635 2419 717 2501 quo
739 2397 852 2502 padio
882 2385 1026 2471 occasio

94 2512 274 2624 parienda
293 2513 350 2617 sit,
377 2515 543 2599 alterum
564 2517 709 2598 inertiae
737 2538 861 2626 genus
894 2513 1027 2596 adver-

93 2635 211 2737 satur,
246 2636 455 2748 quaelicet
490 2637 683 2750 praesentia
712 2638 762 2721 de
792 2638 889 2722 facie
920 2633 1029 2722 norit

96 2761 319 2864 commoda,
345 2781 465 2875 atque
496 2763 601 2845 illico
631 2760 770 2846 eadem
802 2762 869 2845 sabi
899 2763 1027 2844 conti-

95 2880 191 2994 liare
221 2910 265 2966 ac
292 2885 529 2996 prehendere
550 2885 693 2987 studet,
719 2914 795 2969 non
827 2887 1028 2970 tamenin

95 3035 227 3127 rerum
249 3008 416 3120 penitids
435 3032 612 3095 naturam
634 3010 830 3123 inspicere,
855 3033 921 3096 aut
936 3008 1028 3094 c'um

96 3138 298 3245 praeteritis
326 3133 528 3247 praesentes
545 3134 721 3220 conferre
740 3141 864 3250 potest
877 3181 888 3238 ς
917 3133 1027 3218 ided-

97 3280 175 3367 que
206 3258 463 3362 occasionem,
507 3287 596 3372 quae
628 3257 813 3345 nascitura
842 3262 909 3360 est,
949 3285 1029 3342 non

99 3384 317 3491 praevidere,
359 3406 487 3498 neque
523 3383 652 3467 eidem
689 3381 791 3468 aded
824 3384 1028 3467 imminere

97 3502 222 3616 soler3
259 3505 405 3593 nedum
444 3522 584 3619 cogere
617 3533 676 3588 res
706 3505 797 3616 ipsas
835 3507 1033 3601 dimicare,

99 3636 221 3739 atque
240 3648 288 3712 ex
306 3630 370 3714 fibi
391 3628 498 3714 felici
528 3631 663 3716 futuro
695 3659 828 3717 earum
850 3633 1031 3716 conflictu

102 3755 312 3888 commoda
344 3760 541 3878 aucupari,
578 3776 647 3842 aut
675 3757 932 3869 incommoda·
968 3753 1035 3835 de-

953 3880 1034 3991 pel-
