2498 4358
67 297 173 437 130
360 290 455 398 De*
467 283 717 403 Medicina
755 287 952 402 Mentis.
994 429 997 435 Ι

197 509 328 595 neque
356 482 505 595 plenids
543 486 749 596 percipere
771 502 839 567 ant
859 481 983 594 aptids
1013 482 1163 579 decer·¹

200 635 305 709 nere,
334 629 401 692 aut
431 604 531 692 sensa
565 605 749 692 viridiori
786 624 857 689 aut
881 609 1034 691 utiliori
1061 636 1144 693 mo·

202 732 254 816 do
279 731 448 842 proferre
469 750 592 844 atque
614 756 788 812 enarrare
815 731 952 841 potest.
1008 730 1143 844 Atque

203 860 258 939 ita
285 858 538 967 quantumvis
564 856 649 937 viro
687 850 814 963 qualis
841 880 1062 964 puerorum
1093 849 1142 932 est

203 978 356 1061 indoles
393 978 613 1089 praevaleat,
654 984 691 1060 δε
731 982 904 1087 quamvis
950 973 1143 1062 memorii

202 1123 335 1188 teneat
355 1124 466 1184 more
501 1101 607 1205 forti,
638 1101 810 1186 distincto
838 1120 960 1215 atque
999 1100 1143 1206 diutins

203 1225 367 1312 durante
389 1255 448 1309 res
462 1230 500 1309 in
522 1226 687 1309 eandem
708 1228 874 1327 relatas3
920 1227 979 1312 hae
1013 1249 1142 1312 tamen

202 1352 361 1435 inutiles
393 1349 565 1435 evadunt
588 1348 718 1458 inopid
747 1346 890 1436 virium
921 1370 1143 1436 caeterarum

202 1479 348 1559 mentis
374 1475 628 1574 facultatum3
658 1501 746 1585 quae
767 1477 926 1586 quidem
955 1475 1067 1560 hasce
1082 1473 1141 1561 seu

204 1622 320 1685 notas
339 1601 412 1684 five
446 1601 587 1684 indicia
610 1596 879 1684 testimoniive
898 1604 938 1682 in
959 1599 1052 1687 usus
1082 1628 1141 1686 va-

203 1730 281 1809 rios
309 1724 442 1810 dextre*
474 1728 523 1808 ad
556 1722 726 1809 amuffim
773 1723 1051 1840 perspicueque
1076 1726 1140 1811 ad·

202 1849 374 1932 hibeant.
431 1853 641 1931 Enimvero
674 1852 866 1932 memoria
894 1851 1051 1963 optim&
1081 1851 1139 1935 ha·

202 1971 296 2056 bens
324 1971 566 2055 bibliothecae
610 1991 676 2053 aut
717 1975 859 2056 mentis
886 1994 1139 2060 armamenta·

202 2097 244 2200 rij
263 2097 426 2179 virtutes
445 2092 718 2205 compleciitur
738 2136 749 2194 ς
775 2098 828 2177 ita
848 2115 895 2179 ut
914 2102 1032 2207 prior,
1058 2124 1136 2209 per-

202 2217 294 2300 inde
340 2246 383 2301 ac
422 2220 617 2330 posterior,
660 2218 755 2328 saepe
795 2221 945 2302 inutilis
979 2223 1134 2306 domino

202 2370 373 2453 maneat,
391 2353 520 2461 qualis
541 2348 590 2430 ad
624 2354 827 2433 memoriae
848 2353 912 2434 vel
932 2353 1132 2438 bibliothe-

183 2501 256 2556 cae
298 2472 575 2561 instrudiiffimae
607 2468 721 2556 usum
758 2474 943 2558 indoctus
987 2475 1132 2587 imperi·

51 2626 54 2633 ·
134 2689 135 2693 Ν
201 2599 309 2685 eosve
335 2602 498 2684 accedit.
552 2598 885 2709 Quandoquidem
902 2597 1041 2685 'liutem
1061 2626 1132 2682 me

95 2780 97 2785 ·
203 2732 327 2811 moria
361 2731 460 2811 intra
494 2748 670 2808 mentem
697 2731 1048 2810 armamentarium
1074 2725 1131 2826 est,

205 2851 255 2931 ad
283 2851 447 2931 eandem
468 2848 644 2930 homines
678 2850 822 2933 merito
851 2852 1022 2959 spedant
1055 2870 1131 2934 tan·

207 3000 327 3083 quam
348 2972 592 3054 commodam
608 2972 780 3055 futuram
802 2978 947 3055 caereris
981 2973 1131 3058 faculta-

94 3128 98 3135 ·
199 3101 305 3184 tibus
332 3098 571 3209 opitulandis
598 3118 715 3210 atque
741 3099 926 3208 augendis
949 3130 959 3181 a
988 3106 1132 3195 Quam·

200 3226 370 3339 primdm
419 3226 511 3311 veri)
550 3227 659 3308 aliud
695 3229 919 3327 constiterit,
966 3228 1130 3315 defedus

199 3352 412 3437 istiusmodi
457 3354 599 3432 mentis
651 3350 763 3433 citids
802 3355 1009 3461 retegitur,
1049 3347 1133 3457 ejris-

200 3501 279 3585 que
316 3473 518 3557 infirmitas
538 3472 641 3580 apud
670 3475 812 3582 vulgus
832 3474 1026 3581 proditur,
1053 3501 1132 3586 quae

202 3599 350 3702 capncis
389 3599 587 3679 memoriae
621 3593 736 3705 operd
769 3602 829 3679 uti
862 3593 1016 3679 nescit(
1055 3603 1132 3681 Ne·

201 3746 280 3835 que
329 3719 402 3803 alia
438 3721 590 3803 videtur
631 3717 738 3804 causa
794 3748 862 3804 cur
897 3719 1131 3832 imaginandi

1019 3842 1130 3926 facui-
