2490 4290
93 191 202 312 223&
401 176 481 285 Da
510 159 759 292 Medicina
790 183 996 296 Mentis.

223 363 347 476 'quod
380 365 644 475 peragendum
676 359 770 472 saepe
803 365 934 446 utitur
966 390 1043 447 non
1074 362 1174 457 hisce

233 488 341 593 lons,
366 517 450 605 quae
468 491 517 572 de
538 493 619 594 alijs
640 487 868 593 decreverit,
893 487 1025 586 veriam
1047 493 1173 584 etiam

242 641 331 726 quac
350 617 553 718 ratiociniis
580 614 690 717 varijs
714 617 752 693 in
780 611 880 694 hunc
910 610 1021 722 usum
1053 614 1176 698 colle-

116 789 118 795 ·
240 726 357 851 gerit,
384 740 432 822 ad
463 738 719 850 retegendum
750 736 873 819 ubivis
910 737 1069 820 latitans
1106 738 1177 821 fal·

243 863 341 965 lum,
366 861 541 971 illiusque
562 861 797 945 admittendi
818 859 954 945 causas.
1008 866 1066 949 Ex
1087 865 1175 971 qui-

243 985 315 1069 bus
347 985 527 1069 omnibus
557 984 670 1072 simul
703 985 885 1067 adhibitis
915 1008 998 1066 rem
1034 983 1173 1070 saltem

239 1129 369 1193 totam
400 1100 662 1218 recognoscit3
701 1136 747 1192 ac
770 1109 930 1190 tandem
958 1109 1025 1192 vel
1057 1107 1176 1193 facult·

242 1234 413 1336 tatibus,
469 1235 606 1337 munijs
651 1231 818 1341 ipsarum
872 1230 947 1316 rite
1001 1235 1176 1344 peractio,

244 1377 388 1466 utpote
440 1357 487 1439 ad
529 1358 622 1440 talia
673 1358 823 1438 idoneis
871 1355 989 1438 fidem
1043 1355 1177 1448 habet,

242 1483 308 1564 vel
342 1481 391 1564 de
424 1478 493 1564 hac
528 1501 595 1565 aut
630 1478 698 1564 illa
734 1482 860 1565 adhuc
889 1481 1171 1595 ambigendum

245 1603 412 1693 censet.⁴

70 1878 225 1945 trara'ma-
301 1865 439 1968 ltaque
452 1856 530 1940 haec
545 1854 707 1940 facultas
729 1882 804 1938 non
823 1855 886 1938 nist
899 1855 1009 1941 tarde
1028 1855 1176 1960 crescit,

68 1965 207 2121 {xm
246 2007 289 2064 ac
309 1979 392 2065 lero
418 1978 467 2061 ad
488 1982 758 2092 maturitatem
791 1987 989 2087 pervenit;
1027 1983 1174 2092 quippe

69 2066 223 2207 anqualna
246 2129 333 2216 quae
352 2103 473 2212 magis
494 2119 613 2214 atque
632 2107 753 2212 magis
775 2122 887 2184 cauta
915 2100 988 2185 elle
1018 2131 1069 2188 ex
1089 2104 1176 2186 cliu-

70 2207 205 2371 {xm
245 2231 329 2336 tino
369 2225 555 2337 varioque
588 2253 717 2309 rerum
763 2222 834 2308 usu
875 2225 1021 2310 ediscit.
1075 2231 1175 2311 Hinc

63 2369 207 2450 subjectas.
248 2356 353 2436 enim
388 2350 509 2464 qualm
548 2351 715 2435 obnoxia
756 2350 832 2463 ipsa
873 2351 916 2435 sit
948 2355 1068 2436 errori
1100 2350 1175 2436 fte-

151 2584 156 2596 .
248 2495 414 2590 quenter
446 2478 609 2578 notavit,
648 2483 700 2577 &‚
728 2474 897 2587 qualiter
926 2475 1079 2586 fingulae
1110 2476 1173 2581 fibi

247 2601 407 2687 subdita
439 2600 825 2699 facultatesnabenr‚
853 2597 1032 2683 accurate
1064 2598 1175 2683 resci-

248 2732 331 2838 vit:
371 2724 525 2808 Scilicet
556 2753 603 2808 an
634 2724 709 2806 haec
742 2727 856 2806 nimis
885 2729 1075 2827 celeriter,
1102 2747 1176 2810 tar-

250 2848 378 2935 diusve
407 2846 526 2962 quam
559 2877 625 2958 par
653 2849 706 2931 est
737 2852 886 2960 capiat3
915 2878 961 2932 an
990 2848 1087 2933 facie
1118 2874 1176 2935 te·

248 2996 320 3061 nus
341 2999 387 3057 ac
407 2969 617 3058 desultorie
642 2972 765 3057 oculis
788 2975 928 3055 mentis
954 2994 1176 3078 percurrat3

248 3128 295 3184 an
315 3103 449 3198 etiam,
476 3097 631 3208 quando
651 3099 703 3180 nil
737 3115 872 3206 praeter
904 3093 1070 3206 speciem
1101 3103 1177 3183 ina·

246 3229 314 3309 nia
346 3226 577 3322 contineant,
617 3225 654 3301 in
687 3218 771 3329 ipfis
814 3219 961 3330 aliquid
1006 3221 1177 3331 amplius

246 3348 448 3460 spectando
480 3375 640 3456 operam
661 3345 823 3455 perdat:
862 3341 1010 3430 Utnim
1042 3348 1177 3453 imagi·

175 3492 179 3502 ·
248 3479 321 3552 nes'
334 3500 463 3553 rerum
495 3468 606 3577 prave
640 3465 877 3575 effinguntur,
904 3464 1004 3548 adeo
1032 3485 1077 3549 ut
1095 3493 1176 3549 um÷

246 3588 312 3676 bra
334 3593 429 3700 saepe
460 3622 530 3705 pro
556 3595 722 3701 imagine
751 3591 799 3674 ad
825 3593 955 3699 vivum
983 3583 1176 3672 delineatl

241 3716 472 3816 obtrudatur
489 3757 500 3815 ς
527 3712 600 3829 qui
619 3717 663 3802 fit
683 3737 729 3804 ut
743 3711 1013 3840 imperfetlutn
1028 3708 1177 3828 aliquid

496 3854 499 3858 ’
550 3877 554 3895 ·’
691 3844 696 3855 ’
806 3860 813 3893 ἴ·
855 3848 858 3859 “
1107 3864 1176 3952 pro
