2498 4358
88 274 188 353 100
400 254 476 358 De
502 249 752 399 Medicina
778 256 977 369 Mentis.

222 442 289 523 bo.
344 441 408 523 Ad
430 443 598 548 priorem
617 464 751 524 autem
771 447 986 531 acuendam
1007 452 1157 535 mentis

223 567 500 651 hebetudinem
540 593 584 647 ea
620 563 791 675 prosunt,
832 598 1005 681 quorum
1045 569 1159 682 supra

223 696 375 777 mentio
408 689 503 774 facia
532 691 599 788 est,
627 691 783 800 quando
803 690 852 772 de
872 693 943 777 lraic
963 722 1003 776 re
1024 692 1156 777 consu-

222 819 405 911 lebatur;
435 813 584 922 prodest
617 813 757 896 itidem
791 812 974 901 educatio
1001 843 1160 904 accom-

224 941 344 1021 moda
381 937 428 1017 ad
467 940 642 1018 animum
681 936 912 1046 regendum,
951 928 1157 1047 perturba-

224 1059 439 1170 tion'elque,
463 1063 598 1174 quales
631 1080 810 1142 mentem
844 1061 1055 1164 obcaecant,
1091 1063 1157 1145 de·

226 1183 451 1268 fendendas.
504 1185 730 1283 Quinetiam
767 1188 899 1292 organi
936 1189 1080 1271 vitium
1113 1215 1159 1270 ex

227 1311 400 1416 corporis
437 1309 577 1390 morbo
615 1304 710 1416 saepe
746 1306 915 1416 pendet,
953 1337 1035 1419 quo
1072 1307 1160 1393 dein

229 1431 388 1532 sanat0,
431 1462 541 1517 mens
580 1433 630 1522 ad
670 1429 928 1516 subtilitatem
968 1435 1159 1542 pristinam

230 1561 450 1642 revertitur.

50 1828 176 1906 aaran
285 1802 511 1886 celeritatis
532 1797 626 1884 vero
648 1797 822 1886 defectus
841 1815 1015 1903 notatur,
1033 1824 1159 1916 quum

52 1913 204 1971 “¹‘'³'“'³'·
231 1928 450 2009 diuturnius
480 1927 663 2032 temporis
694 1921 862 2030 spatium
895 1925 945 2007 ab
972 1923 1076 2008 hisce
1106 1953 1161 2008 re*

230 2052 422 2162 quiratur,
438 2048 476 2124 in
493 2071 575 2152 quo
588 2042 729 2153 fingula
742 2048 1017 2157 percipiantur,
1039 2043 1160 2158 quim

147 2187 150 2191 ’
229 2170 253 2254 ai
272 2165 467 2281 plerisque
486 2166 582 2272 alijs,
601 2169 671 2278 qui
690 2168 830 2251 eadem
847 2168 1160 2280 apprehendunt;

256 2293 294 2375 el
320 2287 442 2404 quim
463 2289 511 2370 ab
530 2288 664 2392 ijldem
682 2292 909 2377 valetudine
928 2289 1034 2399 prius
1054 2320 1162 2376 conr·

230 2319 412 2502 loodiore
437 2414 640 2498 utentibus
660 2413 949 2501 defideraretur.
1004 2415 1162 2529 Duplex

232 2544 367 2654 itaque
404 2540 559 2625 videtur
581 2535 706 2659 'hujus
746 2537 943 2623 facultatis
981 2541 1163 2639 tarditas,

194 2740 197 2747 .
232 2673 296 2754 vel
331 2691 521 2783 quatenus
542 2665 684 2751 eadem
706 2666 928 2754 conferatur
950 2696 1043 2753 curn
1059 2696 1164 2752 com-

233 2801 345 2882 muni
373 2798 553 2893 aliorum,
580 2795 644 2878 vel
663 2798 783 2878 etiam
803 2824 898 2879 cum
929 2790 1081 2905 proprii
1100 2792 1165 2876 ali·

234 2923 342 3024 cujus
380 2917 615 3000 commodius
647 2937 741 3003 tunc
776 2921 966 3030 temporis
1001 2917 1165 3002 valentis

235 3045 501 3159 perceptione.
563 3044 685 3142 Quod
724 3046 867 3126 attinet
908 3042 959 3134 ad
994 3047 1165 3154 priorem

232 3170 478 3279 tarditatem,
505 3192 551 3249 ea
584 3165 807 3278 frequentet
837 3164 938 3248 adeo
971 3161 995 3246 εἰ
1030 3162 1165 3249 naturd

235 3293 407 3412 pendere
436 3288 548 3388 solet,
583 3308 630 3372 ut
660 3287 826 3393 subsrdijs
856 3290 939 3399 post
969 3289 1168 3370 maturita-

231 3439 322 3508 ‚tem
357 3420 419 3501 vix
457 3417 626 3499 eandem
666 3415 837 3517 adjuves,
871 3410 1035 3495 antehac
1075 3407 1168 3493 vero

236 3539 405 3642 culturi,
431 3543 474 3644 ijs
499 3571 587 3651 quae
605 3564 750 3626 acuunt
769 3539 965 3641 adhibitis,
992 3536 1042 3620 ad
1072 3535 1169 3618 felii-

239 3668 436 3748 nationem
475 3665 727 3757 commodam
768 3691 848 3749 non
886 3662 973 3748 raro
1012 3662 1172 3744 incitare

235 3810 240 3818 ·
1068 3780 1176 3866 licet.
