2498 4358
112 270 178 385 82
422 274 502 384 De
529 272 779 390 Medicina
805 276 1007 390 Memin

74 461 205 522 numu
309 454 526 543 Discrimen
543 479 678 546 autem
710 463 945 574 praecipuum
977 462 1182 549 advertere

70 538 191 700 mia
254 605 331 662 non
342 582 514 666 alienum
530 585 604 666 erit
622 586 724 669 inter
736 588 825 669 vitae
843 608 997 694 genera,
1023 586 1076 673 ad
1092 612 1183 699 quae

68 722 176 779 gem.
249 697 398 789 diversa
441 702 531 788 dein
584 704 771 792 educatio
808 704 1024 791 adhibenda
1084 706 1179 807 σῆς

249 845 366 933 prout
398 825 500 909 hunc
543 827 609 911 vel
643 827 759 913 illum
788 826 961 912 habitum
996 827 1180 941 adaptare

248 950 449 1056 juvenibus
492 980 559 1061 par
606 956 672 1036 est.
728 958 888 1066 Nempe
926 953 1008 1040 duo
1035 980 1178 1066 genera

248 1075 349 1177 sunt,
391 1073 457 1160 sub
499 1103 669 1187 quorum
709 1079 864 1163 vexillis
906 1077 1053 1189 fingula
1090 1081 1178 1166 reli·

249 1223 326 1311 qua
351 1197 524 1282 militant
549 1242 561 1299 ς
602 1199 784 1285 rusticum
819 1227 866 1284 ac
903 1200 1095 1312 sylvestre,
1113 1201 1177 1316 vel

247 1319 494 1407 urbanum&
522 1321 676 1405 civilez
731 1324 890 1419 Quibus
924 1324 1080 1409 accedit
1104 1326 1176 1409 mi·

247 1444 357 1527 litare
383 1472 431 1528 ex
462 1465 634 1558 utroque
682 1447 850 1529 mistum.
905 1443 1018 1529 Hisce
1056 1450 1176 1558 igitur

247 1572 429 1684 adaptare
461 1573 516 1657 est
532 1571 731 1657 educandt
751 1570 932 1672 modum,
946 1575 1001 1657 int
1032 1584 1084 1659 ut
1098 1574 1176 1657 aui

248 1687 305 1766 mi
334 1685 463 1784 dotes,
488 1711 576 1795 quae
607 1687 648 1764 in
680 1685 835 1766 utrovis
863 1685 1036 1791 eminete
1073 1680 1175 1769 mm

180 1862 183 1867 -
247 1806 339 1891 alins
377 1803 590 1916 poffint‚in
624 1833 675 1888 eo
706 1831 862 1915 genere,
888 1802 999 1918 quod
1017 1796 1173 1893 ¹ittiunt

245 1931 308 2014 vel
326 1927 428 2014 sorte
447 1929 586 2014 datum
599 1930 667 2029 est,
684 1953 734 2010 ne
747 1926 1025 2014 desiderentur.

69 2193 201 2277 synna.
296 2174 486 2286 sylvestre
517 2193 654 2258 autem
686 2175 774 2257 vitae
817 2198 938 2283 genus
974 2178 1171 2290 antiquius

239 2295 355 2386 fuisse
380 2330 428 2384 ex
454 2317 633 2384 veterum
663 2302 929 2383 monumentis
944 2297 1169 2404 'disnimun

240 2425 385 2534 quippe
405 2420 514 2533 quod
549 2419 734 2503 sehabet
772 2441 915 2505 naturae
943 2444 1058 2506 more
1076 2424 1170 2511 mdo

98 2637 101 2641 .
239 2571 286 2630 ac
343 2544 575 2640 incultum
616 2562 657 2624 at
717 2571 794 2626 non
838 2562 923 2626 tam
973 2541 1168 2631 bonorum

240 2673 386 2755 mentis
416 2665 663 2754 facundum.
715 2669 809 2750 Non
828 2669 935 2749 enim
953 2668 994 2749 in
1016 2695 1070 2752 eo
1103 2690 1168 2780 ge·

237 2821 331 2876 nere
348 2797 512 2876 varietas
548 2808 655 2871 tanta
681 2788 735 2870 est
770 2815 916 2890 rerum,
941 2792 1044 2873 cinca
1075 2818 1168 2903 qun

236 2944 332 3003 tum
350 2913 471 3001 la'ude·
483 2941 594 3000 mens
624 2910 761 2996 versari
781 2912 908 3025 potest
919 2949 931 3010 ς
961 2936 1097 3024 neque
1114 2913 1168 3000 sn·

236 3040 287 3126 ni
312 3040 462 3126 eaedem
481 3035 651 3127 difficiles
670 3043 710 3122 &
734 3037 935 3149 impeditae
953 3034 1055 3140 sunt,
1075 3062 1167 3153 qun·

235 3169 294 3253 les
323 3165 497 3274 ejusdem
531 3164 740 3264 iatultates
756 3160 972 3247 exercendo
990 3162 1043 3247 ad
1062 3163 1166 3251 sum·

235 3323 347 3382 mum
363 3314 527 3376 acumen
559 3296 598 3373 &
617 3287 795 3397 peritiam
811 3284 1045 3397 perducunt,
1082 3315 1165 3371 om·

234 3412 376 3526 nisque
425 3411 546 3522 Ipsam
574 3410 675 3492 vires
704 3436 878 3512 exerere,
901 3430 947 3491 ac
984 3433 1165 3519 quaecun·

234 3565 315 3648 que
335 3545 375 3624 in
393 3539 527 3624 abdito
557 3541 684 3643 jacent
716 3534 819 3620 bona
852 3539 893 3618 in
914 3536 1048 3621 lucem
1072 3535 1163 3619 ede»

234 3692 277 3748 re
309 3684 464 3776 cogant.
518 3659 720 3775 Siquidem
766 3658 847 3753 hnc¹
873 3661 962 3745 vitae
980 3663 1087 3746 ratio
1103 3687 1163 3744 ro-

236 3786 320 3871 bori
349 3785 521 3895 corporis
541 3777 769 3898 sanitatique
783 3779 944 3867 summae
963 3783 1160 3879 conducit,

1031 3901 1155 4016 potius
