2498 4358
77 214 186 361 2⁵40
391 205 473 321 De
494 201 747 324 Medicina
771 205 974 328 Mentis.

209 383 314 472 ultra
355 417 455 502 quos
499 391 666 503 ipsamet
708 390 873 484 ferendo
916 376 1041 510 impar
1081 392 1151 477 ests

211 512 490 627 Nempeiurra
509 540 658 604 naturae
688 546 765 605 non
799 526 940 608 coauae
978 520 1068 605 fines
1089 519 1152 600 vi·

212 639 320 720 venti
342 638 396 722 nil
415 639 565 726 insaniae
586 642 845 729 metuendum
866 685 880 744 3
907 643 1008 729 dum
1036 639 1150 729 nullae

213 757 451 847 excursiones
472 765 511 846 in
530 763 639 868 fines,
665 769 761 850 citra
785 791 887 875 quos
905 785 1045 851 natura
1068 763 1150 849 suu

212 881 322 987 stitit,
358 889 530 997 periculo
566 908 718 973 vacant.
750 895 1038 1000 Quapropter
1081 912 1149 973 nee

210 1003 286 1090 fine
319 1007 528 1118 suspicione
560 1012 738 1122 gravibus
772 1011 823 1097 de
859 1012 975 1098 causis
1010 1007 1150 1096 oborti

211 1128 377 1216 feliciter
408 1134 532 1217 stadio
560 1139 649 1218 virae
668 1134 886 1224 decurritur
899 1176 912 1236 ς
940 1135 1148 1247 neque'ui·

212 1254 291 1338 mis
307 1251 397 1339 huic
417 1260 533 1368 genio
551 1257 855 1368 indulgendum,
880 1261 1045 1368 quoties.
1064 1252 1148 1343 nul·

213 1374 252 1462 la
286 1376 404 1466 detur
435 1379 648 1494 inspirandi
687 1379 808 1481 causa.
861 1385 1065 1478 Quoniam
1094 1383 1147 1463 in·

212 1505 327 1587 terim
356 1502 473 1590 causae
503 1503 715 1617 suspicandi
743 1498 949 1592 difficulter
979 1509 1146 1591 interno·

212 1625 383 1732 suuntur,
409 1627 585 1742 gravisne
617 1647 665 1714 an
693 1629 903 1733 leverim,
927 1660 980 1715 ex
1011 1652 1144 1712 earum

212 1751 377 1863 proinde
407 1751 550 1839 noritii
585 1751 802 1839 discrimina
837 1757 940 1840 inter
971 1751 1146 1837 homines

214 1873 369 1956 abunde
398 1892 530 1962 ortum
562 1874 725 1964 ducunt.
787 1871 948 1988 Nempe
982 1875 1064 1960 alne
1094 1870 1147 1958 sa·

214 1997 425 2106 pientibus,
450 1999 533 2082 aliae
561 2000 683 2110 vulgo
714 2020 847 2110 graves
879 1997 994 2084 cauiae
1026 1993 1145 2092 sunr3

214 2121 320 2208 unde
352 2117 533 2233 profeoio
563 2123 621 2208 illi
651 2122 727 2210 hor
759 2122 1034 2209 secernuntur:
1082 2118 1148 2204 Ilii

214 2245 375 2355 quidem
395 2250 434 2328 in
445 2243 509 2331 sua
520 2241 624 2333 intus
641 2267 799 2359 peccata
818 2247 1146 2352 animadvertunt,

216 2382 257 2455 ὃ(
281 2368 422 2453 αῐῐίάυὲ
446 2372 587 2474 judicia
617 2372 821 2483 corrigunt,
857 2371 980 2482 arque
1011 2368 1144 2454 altiora

215 2495 425 2583 certiordve
444 2496 484 2577 in
507 2493 591 2578 dies
620 2520 692 2604 pro
710 2495 971 2606 pulcrioribus
1000 2509 1147 2578 naturae

213 2615 286 2704 suae
306 2619 462 2705 dotibus
482 2638 698 2730 expetunr;
727 2620 802 2704 hoc
820 2626 913 2708 vero
934 2619 1143 2727 religatum

213 2745 264 2830 ad
284 2741 488 2830 consuetos
508 2747 642 2854 patriae
661 2772 791 2829 mores
817 2742 925 2846 inibi,
950 2742 1065 2827 velut
1092 2763 1146 2821 ar⁴

215 2866 330 2975 bores
354 2862 438 2949 solo
468 2863 548 2964 suo,
575 2863 748 2950 defixum
780 2866 911 2949 haeret.
966 2868 1057 2951 Nec
1082 2861 1145 2959 aii·¹

213 3011 275 3083 ter
307 2993 422 3099 pauci
450 2987 610 3075 saniores
644 2986 824 3091 iturbd,
862 3015 949 3100 quae
984 2990 1145 3072 ianitore

214 3122 458 3226 aliquatenus
487 3114 665 3216 donatur,
690 3113 832 3198 secerni
859 3111 999 3214 solent,
1025 3109 1144 3221 quim

216 3237 391 3354 eoquod
412 3239 515 3323 nulla
537 3237 624 3321 huic
637 3234 905 3320 animadverfio
932 3255 1044 3319 extra
1062 3260 1144 3318 mo

215 3388 300 3447 rem
334 3364 546 3471 contingat,
579 3358 689 3440 dum·
707 3357 792 3470 ipsu
824 3359 875 3440 de
901 3358 1050 3462 judiciis
1074 3351 1145 3439 suis

213 3485 278 3568 vel
307 3483 692 3591 alienisplerumque
716 3480 968 3591 disceptatur,
995 3505 1040 3561 ac
1060 3500 1145 3558 mor

211 3623 397 3714 rpnquam
435 3632 610 3690 errorum
652 3604 714 3687 vel
747 3632 885 3715 parens
915 3600 1141 3711 patronoue

208 3723 380 3835 habetur.
434 3712 534 3815 Ariae
546 3721 736 3840 profeoip,
763 3723 872 3836 quud
897 3725 951 3812 ad
965 3750 1143 3823 momen«¹

1056 3866 1141 3931 tum
