2498 4358
263 238 341 345 Dc
368 234 619 352 Medicina
636 234 851 346 Mente:
1087 245 1153 364 7Ι

136 543 304 631 Sensus
293 546 451 628 interim
473 543 608 626 dolore
622 544 775 629 acuitur
790 561 857 628 auc
875 540 1114 687 volungJ
1036 530 1070 590 S
1073 528 1181 670 ΨΜ
1120 547 1194 586 '⁶¹‘

80 698 196 774 tate,
187 675 285 759 ·ille
304 693 352 758 ut
385 674 576 758 valentius
596 674 621 756 s
623 702 643 755 c
662 681 702 759 δε
737 671 911 758 acerbius
936 633 1052 757 ela-g
1036 715 1065 752 ιι
1055 612 1193 756 'sum
1151 709 1196 748 ιι

80 807 212 904 horat,
269 800 349 885 haec
385 804 512 884 aciem
551 799 720 903 ejusdem
777 787 1085 884 subtiliorem
1041 775 1085 852 ¹²⁴9
1086 787 1152 847 ω’

82 924 227 1013 reddit.
281 922 446 1010 Proinde
486 923 597 1036 quod
625 922 762 1008 dolore
792 921 945 1007 acuitur
963 926 1019 1004 in-

84 1053 261 1163 genium,
299 1047 385 1132 raro
416 1046 645 1157 asperitate3
685 1050 794 1160 quod
814 1047 908 1133 vero
949 1076 1018 1132 vo·

81 1175 252 1286 luptate‚
278 1172 369 1257 raro
398 1172 594 1283 elegantis
615 1193 718 1255 caret
749 1206 758 1253 ε
816 1177 923 1256 Prius
938 1173 1017 1259 fere

86 1328 179 1386 cum
200 1299 354 1400 robore,
374 1299 559 1408 posterius
581 1327 672 1380 cum
691 1316 834 1381 ornatu
865 1299 1019 1400 conjun-

85 1428 206 1536 gitur.
264 1422 327 1510 Ad
373 1423 488 1508 duras
525 1427 646 1533 igitur
690 1451 750 1505 res
797 1423 1022 1525 secundum,

85 1548 336 1662 adversisque
376 1553 413 1631 vi
434 1547 501 1634 sui
522 1547 854 1660 perrumpendum
873 1554 1023 1656 prioris,

85 1676 136 1760 ad
169 1678 258 1760 vitae
283 1675 407 1758 civilis
439 1674 560 1756 studia
585 1672 759 1787 artesque
792 1674 1023 1758 excolendas
1127 1669 1129 1675 ’

86 1802 305 1911 posterioris
321 1826 439 1912 opera
461 1799 592 1882 utilior
623 1798 680 1881 fit.
734 1805 786 1884 Ec
805 1802 920 1910 priori
935 1803 1023 1910 qui·

91 1926 186 2010 dem
218 1931 367 2010 ratione
386 1925 502 2011 rudes
535 1925 751 2038 asperaeque
778 1954 822 2009 ac
843 1927 1023 2012 laborum

87 2052 285 2160 patientes
317 2070 465 2135 naturae
499 2049 624 2134 veluti
662 2048 907 2150 enascuntur,
936 2078 1023 2162 quae

88 2198 401 2265 tamen-morum
428 2176 625 2262 suavitatis
653 2175 954 2292 sublimiumque
988 2207 1027 2260 a·

90 2305 190 2388 nimi
220 2306 487 2413 cogitatorum
515 2324 688 2415 expertes
713 2324 885 2405 mouent,
923 2304 1037 2414 quac?

90 2454 174 2537 que
200 2427 347 2511 florum
373 2428 442 2536 qui
485 2432 522 2511 in
547 2449 682 2511 mente
708 2429 834 2511 rident
874 2429 1027 2512 cultiori

41 2608 46 2611 -
88 2547 327 2632 insoecundae
346 2546 418 2639 esse
442 2548 690 2652 consumunt,
717 2551 781 2633 nili
815 2551 1029 2660 voluptatis

90 2669 304 2758 dulcedine
323 2675 436 2785 poliri
464 2676 685 2782 contigerit.
918 2697 920 2700 ·

163 2926 304 3035 Itaque
352 2922 492 3024 inedia,
539 2926 664 3035 qualis
703 2923 885 3007 dolorem
933 2924 1031 3031 pari·
1051 2899 1194 3044 JJJJAJ

91 3063 148 3146 at,
203 3044 395 3131 solicitam
446 3045 563 3153 porro
610 3077 742 3131 curam
796 3045 1029 3197 adipiscendi
1052 3077 1152 3127 ιιιιιι,
1134 3062 1206 3124 rer

93 3172 332 3260 alimentum
368 3173 608 3260 exuscitet:
677 3183 731 3261 Ea
784 3177 891 3276 vero,
946 3172 1029 3284 quo
1052 3143 1125 3222 ‘'ss‘'
1127 3163 1173 3198 “m

92 3299 249 3413 pressuls
286 3324 417 3416 urget,
444 3307 621 3418 palatum
653 3305 776 3397 minus
815 3304 1031 3385 delicatum

92 3424 186 3529 esse,
232 3456 302 3512 nec
342 3431 512 3538 vulgaria
542 3427 730 3542 'spernere
765 3425 884 3540 prope
911 3427 1033 3533 jubet.

94 3553 160 3635 Ac
192 3554 361 3657 tametsr,
397 3553 522 3641 modd
563 3561 768 3668 appetitui
800 3553 1030 3640 satisfactum

94 3676 229 3781 fuerit,
257 3679 372 3763 dolor
390 3683 456 3763 iste
475 3685 513 3764 in
542 3680 699 3789 praesens
728 3709 805 3762 non
832 3679 936 3764 ultri
966 3710 1033 3765 ex-
1139 3695 1142 3701 '

92 3827 225 3908 acuat,
253 3811 453 3893 memoriae
480 3827 612 3888 tamen
630 3803 863 3919 'impressum‘
888 3809 1036 3890 doloris

470 3935 497 4014 F
541 3960 569 4036 4
698 3935 699 3938 ‘
929 3929 1048 4015 nem-
