2498 4358
108 268 210 378 150
409 251 492 360 De
519 248 770 364 Medicina
796 257 1003 368 Mentis.

245 438 368 523 ralem
400 463 530 546 neque
561 440 712 518 audam
742 461 814 517 nec
832 436 1085 520 imminutam
1112 465 1186 523 ex·

248 565 407 647 bibent:
456 563 646 647 Attamen
681 557 873 673 eoquod
918 557 974 643 sui
1012 560 1184 671 ipsorum

147 692 153 701 ”
249 714 362 770 amor
382 685 484 797 apud
510 683 717 796 plerosque
737 686 955 796 plurimum
975 687 1108 768 valere
1127 683 1184 767 so‹

250 813 323 915 let,
357 810 381 894 d
415 814 608 894 vanitatis·
626 811 799 924 partibus
828 807 1018 922 praecipu&
1050 837 1188 894 caven·

251 940 364 1037 dum,
390 955 531 1046 utpote
555 938 597 1019 iu
613 962 713 1049 quas
738 937 964 1044 imaginatio
990 930 1186 1045 saepiffimt

251 1061 431 1173 proclivis
450 1059 514 1141 est.

71 1322 229 1420 V?‘³‘.⁵'''.‘·
303 1312 446 1419 ltaque
464 1307 690 1416 imaginatio
722 1303 870 1415 duplici
890 1302 1049 1390 nomine
1074 1300 1184 1386 aive·

67 1414 226 1482 ‘'m'’
248 1435 366 1521 ritate
394 1431 555 1533 recedit,
595 1429 705 1516 srvel
736 1450 855 1542 auget
883 1434 948 1515 vel
983 1431 1186 1512 imminuit

249 1577 516 1670 conceptuum
546 1557 644 1657 vim,
670 1554 765 1638 dum
783 1581 900 1668 opera
923 1582 1061 1639 eorum
1086 1551 1185 1635 fimi-

252 1686 305 1767 lia
334 1679 492 1793 effingit.
545 1677 719 1791 Idipsum
753 1680 870 1788 igitur
901 1675 1011 1789 quod
1044 1679 1084 1759 in
1121 1703 1186 1760 ex·

251 1807 418 1915 emplari
448 1834 525 1889 non
551 1808 760 1906 invenitur,
785 1831 934 1887 vanum
967 1804 1049 1901 est;
1086 1826 1186 1914 quo·

250 1929 357 2012 niam
375 1927 506 2010 eidem
525 1928 621 2013 nihil
649 1948 758 2011 extra
778 1930 1099 2036 imaginationem
1124 1951 1184 2008 re-

250 2050 427 2161 spondet.
484 2051 577 2136 Vidi
603 2068 767 2163 egomet
791 2051 992 2163 quendam
1030 2049 1092 2162 (a)
1119 2073 1184 2132 va·

251 2201 346 2259 num
365 2202 505 2257 omnes
527 2178 708 2258 omnium
728 2174 904 2286 personas
921 2177 962 2260 in
980 2173 1049 2259 sui
1075 2198 1184 2257 com·

253 2301 369 2412 pledli
390 2300 616 2400 studentem,
643 2320 848 2414 quotquot
867 2302 1117 2415 aliquatenus
1134 2293 1182 2382 ad

253 2424 292 2511 se
310 2416 444 2505 referri
466 2428 599 2508 novit:
645 2431 757 2510 Dum
790 2422 915 2510 adhuc
947 2453 1048 2536 puer
1075 2421 1181 2521 esset,

250 2545 536 2658 condiscipulos
571 2554 611 2632 in
649 2548 742 2633 ludo
777 2547 949 2634 literario
992 2568 1182 2662 tanquam

251 2673 301 2757 ad
314 2672 352 2757 se
370 2702 496 2760 unum
518 2674 724 2784 spectantes
744 2673 936 2775 habebat3
965 2696 1088 2786 atque
1107 2671 1181 2786 ipse

248 2795 380 2904 ijsdem
392 2824 437 2882 os
449 2797 659 2910 linguaque
673 2819 792 2910 atque
810 2803 932 2883 etiam
952 2829 1063 2883 mens
1083 2820 1178 2883 erat.

251 2923 390 3012 Quum
417 2948 466 3003 ex
497 2921 654 3027 ephebis
685 2919 903 3024 excesserat,
929 2923 1057 3004 {latim
1078 2923 1183 3007 soda-

251 3045 386 3130 litium
411 3046 597 3149 juvenum
632 3046 800 3151 sortitus,
829 3047 1030 3160 personam
1063 3059 1182 3138 totius

253 3169 319 3254 fibi
346 3167 505 3272 sodalitii
536 3172 679 3274 induit,
719 3200 791 3254 nec
818 3174 934 3256 aliam
967 3171 990 3257 a
1025 3173 1096 3260 sua
1118 3205 1181 3261 cu·

252 3292 367 3425 jusvis
386 3292 523 3377 sodalis
542 3295 772 3380 sententiam
790 3301 960 3408 agnovit.
1014 3303 1058 3382 ln
1080 3300 1181 3385 hunc

255 3728 259 3734 Ι
302 3642 358 3738 (a)
381 3646 515 3722 Thraso
531 3650 586 3720 ille
603 3650 833 3729 Terentianus
856 3612 984 3729 abhoc
1007 3653 1086 3747 ipso
1114 3675 1180 3728 nou

250 3754 395 3863 multum
420 3759 566 3837 diversus
582 3763 767 3837 exhibetur.

1011 3866 1180 3965 modum
