2498 4358
265 230 346 339 De
383 225 632 344 Medicina
651 226 859 338 Mentis.
1054 220 1158 374 '237
1222 221 1229 230 ’

79 417 312 533 'confiliique
354 423 616 506 mutationem
654 417 923 532 insequentem
951 442 1017 501 ex·

84 562 233 654 prrmrt.

141 794 243 876 Hinc
260 790 376 900 igitur
399 787 579 872 medicus.
593 789 734 891 indicia
753 788 904 898 colligit
931 781 1023 888 fida,
1043 803 1149 869 raucae

86 931 268 996 mentem
302 907 557 995 malesanam
586 911 644 994 ad<
669 913 932 1024 integritatem
965 936 1025 993 re·
1042 888 1149 952 inum.

84 1030 294 1136 versuram,
322 1034 419 1117 dum
448 1032 560 1139 hujus
579 1032 774 1126 facultatis
801 1036 883 1120 vim
903 1053 1024 1144 atque

89 1159 366 1241 auctoritatem
402 1156 664 1241 renascentem
689 1158 813 1241 videt.
859 1162 922 1242 'Ex
940 1183 1021 1268 quo

89 1282 316 1395 frequenter
366 1276 530 1369 affluxus
581 1283 838 1393 lacrymarum
885 1280 1022 1366 saltem

88 1406 322 1520 paroxysmi,
348 1405 374 1489 fi
393 1434 470 1506 non
490 1403 600 1519 ipfius
618 1406 759 1511 morbi,
785 1405 1023 1492 solutionem

90 1532 302 1641 promittit,
329 1556 374 1612 ac
402 1525 555 1612 sanioris
580 1523 722 1613 futurae
754 1531 898 1613 mentis
929 1525 1026 1638 saepe
1167 1635 1170 1639 ι

90 1654 328 1763 praenuntius
363 1651 429 1733 est.
494 1648 649 1736 Rescire'
696 1644 845 1764 quippe
890 1653 1026 1759 incipit

92 1803 221 1878 mens,
246 1772 283 1860 se
317 1771 340 1856 a
368 1770 467 1857 celsi
498 1770 568 1861 isti·
592 1770 937 1886 &imperturbati
969 1799 1031 1856 re·

95 1903 214 2010 gione
251 1901 291 1981 in
324 1893 547 2014 inferiorem
565 1897 751 2011 ‘mersam'
785 1898 908 2004 fuisse,
948 1928 1027 1986 non
1064 1979 1066 1983 .

93 2023 189 2109 vero
226 2023 364 2127 talem,
405 2025 532 2137 qualis
564 2021 744 2135 dignitati
777 2025 851 2111 suae'
886 2054 1027 2112 conve-

93 2150 189 2233 niat·
253 2157 258 2196 3
559 2198 563 2221 ι
700 2190 703 2195 ·
801 2190 826 2260 f,

98 2456 99 2461 Ν
154 2417 217 2501 Ut
235 2409 266 2495 ai
283 2406 494 2524 suspicione
524 2407 604 2492 haec
629 2407 792 2497 facultas
812 2410 947 2526 primii
978 2415 1029 2500 ad
1047 2429 1148 2496 meu

96 2564 241 2626 munus
255 2533 489 2633 ‘obeundum
509 2537 728 2636 excitatur}
750 2536 939 2623 ficetiam
960 2569 1037 2651 pro·
1131 2624 1132 2630 r

98 2688 245 2775 genere
260 2661 337 2744 vel
365 2660 486 2770 gradu
503 2655 676 2764 ejusdem
695 2656 835 2744 fortius
861 2682 929 2746 aut
949 2663 1033 2776 seg-

99 2783 184 2870 nius
204 2784 403 2866 'irritatum
458 2782 616 2893 Duplex
635 2799 782 2866 autem
795 2806 798 2813 ’
813 2781 1034 2895 suspicionis

100 2937 222 3024 genus
241 2909 308 3010 est,
334 2936 404 3018 pro
431 2911 538 2991 vario
568 2885 695 3009 fonte,
720 2935 768 2993 ex
793 2937 875 3024 quo
896 2908 1036 3022 effluit,

99 3056 242 3141 nempe
274 3029 542 3130 admiratione,
574 3030 640 3111 vel
659 3051 774 3114 metu
786 3071 798 3130 ς
825 3050 1037 3148 utrumque

102 3157 238 3245 itidem
258 3152 382 3267 gradu
418 3147 608 3235 diversum
636 3155 703 3254 est,
730 3173 849 3262 prout
875 3156 940 3239 fibi
964 3157 1036 3240 ob-

101 3275 245 3388 jectum
258 3276 405 3360 melius
417 3276 479 3356 vel
495 3276 602 3384 pejus
615 3272 858 3384 praevidetur.
914 3283 1035 3392 Prop-

102 3425 215 3489 terea·
228 3427 357 3514 quum
374 3395 535 3510 suspicio
555 3424 642 3482 non
662 3399 825 3481 omnino
851 3390 1037 3516 experge-

104 3517 238 3626 faciat,
273 3524 380 3609 nulla
424 3522 513 3605 dein
553 3518 856 3624 uninudverfi03
899 3527 1036 3613 verum

106 3645 406 3752 omnia-judicijs
438 3642 583 3730 verisne
612 3665 681 3728 aut
710 3650 847 3746 remim
875 3673 922 3733 un
941 3649 1038 3736 falsis
1127 3639 1131 3646 ’

106 3789 173 3861 eut
190 3764 315 3884 prauis
333 3787 562 3881 regentum.
587 3771 688 3882 ilinc
701 3769 892 3885 erroribus
904 3773 1040 3883 judicie

968 3922 1040 3980 ml·
