2498 4358
88 269 138 368 iu

372 269 418 380 P
439 272 503 382 ‘R
528 277 609 385 ΛΞ·
646 271 906 383 FAia‘l
933 277 991 381 0.

231 449 328 539 dum
358 448 403 533 fit
436 449 559 533 nobili
593 448 840 535 huicincolae
868 455 1080 564 templum,
1108 473 1171 553 at,-

231 594 311 683 q'ue
346 572 482 658 idonea
521 571 680 654 dotibus
720 573 932 681 pandendis
970 572 1078 659 scena
1116 569 1176 673 ibi,

233 716 479 803 comparetur
510 713 627 803 atque
669 692 891 779 decoretur.
947 701 1058 783 Dum
1087 721 1173 780 mo·

113 881 117 889 ·
237 819 278 902 di
304 846 399 930 ergo
431 817 560 928 plures
594 816 751 899 curandi
786 832 1059 929 proponuntur,
1085 846 1174 921 rne7

238 942 418 1041 dentibus
449 936 725 1041 confiderandi,
753 945 848 1025 tatio
883 942 1176 1049 praesertimlra-

239 1062 366 1161 benda
402 1088 479 1144 non
511 1059 636 1151 modo
688 1060 801 1165 hujus
847 1068 914 1175 qui
956 1087 1067 1151 tutus
1107 1065 1175 1165 est,

235 1186 302 1274 sed
336 1189 477 1298 &qui
523 1205 699 1269 mentem
752 1186 1051 1273 convalescentis
1096 1180 1175 1273 non

236 1308 365 1414 minias
396 1308 524 1395 sanam
566 1337 610 1395 ac
648 1308 801 1393 firmam
843 1313 1068 1425 relinquat:
1115 1314 1174 1397 Eo

237 1435 384 1521 scilicet
423 1433 577 1518 consilio
605 1450 666 1533 ut,
709 1433 803 1517 dum
847 1439 974 1521 vitalis
1011 1437 1176 1539 flamma

238 1559 473 1674 exuscitatur
507 1552 847 1668 conservaturque,
891 1559 990 1644 clard
1035 1559 1175 1645 itidem

241 1682 326 1795 post
359 1676 612 1790 resplendeat,
638 1706 683 1761 ac
714 1700 889 1762 mentem
926 1682 1079 1790 pariter,
1096 1677 1177 1767 ful·

242 1833 315 1917 gor
354 1801 580 1912 aegritudine
619 1802 695 1904 jam
732 1796 883 1921 sublati
921 1830 971 1883 ne
1010 1801 1179 1891 deficiat.

240 1927 392 2036 Idcirco
441 1940 577 2004 autem
623 1947 710 2029 pars
747 1949 889 2032 magna
930 1923 1177 2021 confilioruru

240 2047 343 2163 apud¹
373 2045 574 2152 praeclaros
606 2040 762 2152 opifices
786 2046 852 2146 est,
882 2065 938 2157 ut
968 2072 1081 2129 mens
1111 2049 1178 2156 srbi

241 2175 389 2289 ¹eonllet
422 2195 567 2268 curare,
606 2166 728 2278 r‘rtque
761 2171 844 2272 ejus
874 2169 1087 2276 functiones
1106 2162 1178 2263 .su÷

243 2322 386 2410 premat
424 2319 473 2375 ue
512 2289 718 2390 laedantur,
771 2290 868 2377 dum
892 2335 896 2361 ε
919 2292 1177 2404 medicamina

242 2416 334 2529 latis
358 2414 472 2498 fortia
511 2411 559 2495 ad
587 2408 794 2495 sanandum
820 2442 966 2525 'corpus
994 2417 1179 2529 adhibens

242 2563 332 2635 tur:
376 2534 498 2634 Quod
530 2536 694 2648 quidem
729 2563 800 2619 nec
833 2535 915 2620 fieri
935 2539 1072 2648 potest,
1099 2541 1180 2645 uili,

241 2662 410 2779 qualiter
438 2654 597 2746 easdem
629 2658 776 2777 habere
803 2680 976 2772 oportet,
1003 2663 1106 2775 clare
1133 2692 1177 2780 at

242 2784 409 2896 penitius
428 2782 683 2892 intelligatur.
1171 2777 1174 2781 ’

247 3040 362 3128 [Ut
393 3040 554 3153 proinde
588 3036 808 3144 hujusmodi
842 3041 1041 3127 Medicina
1079 3043 1177 3135 dilu-

244 3163 365 3252 cidius
404 3161 597 3265 tradatur,
644 3166 785 3245 mentis
823 3165 993 3274 primum
1042 3187 1177 3260 natura

243 3290 475 3401 exponitur5
523 3283 666 3399 quibus
703 3311 845 3394 nempe
881 3291 1009 3386 utitur
1045 3289 1178 3387 inlitu,-

245 3415 390 3495 mentis
407 3409 456 3493 ad
475 3435 591 3517 opera
612 3412 751 3519 quaevis
769 3409 988 3517 praestanda,
1000 3416 1053 3516 ¹&
1075 3440 1180 3525 qua}-

247 3559 337 3617 nam
368 3534 533 3616 interea
561 3527 754 3612 diverfitas
781 3533 973 3632 consta-tr
1000 3533 1058 3631 Et·
1074 3532 1181 3642 ¹quoi

247 3655 351 3739 niam
384 3650 560 3760 pluribus
593 3677 703 3734 mens
735 3649 984 3738 facultatibus
1011 3654 1182 3755 ornatur,

906 3848 909 3855 .
1041 3774 1180 3883 quales
