2498 4358
306 209 386 330 De
412 208 660 322 Medicina
687 209 885 320 Mentis.
1081 220 1178 341 135

103 394 261 509 poribus
281 397 513 513 quibusdam
541 399 563 482 ai
584 399 718 484 naturi
738 399 799 482 vel
821 416 902 480 arte
923 423 1038 507 pecu·

94 525 212 608 -liares
233 521 396 607 sensibus
412 545 612 636 perceptas
633 522 807 623 secernit,
834 521 1035 634 utiturque

96 654 140 756 ijs
162 650 341 760 separatis
367 650 415 733 ad
436 652 678 764 depingenda
699 679 787 763 quae
806 677 906 759 opus
926 645 1034 750 lunt3

98 772 213 884 plane
232 773 336 886 quast
359 779 523 880 pictores
544 777 808 860 coloratorum
826 800 1034 883 corporum

97 923 237 1006 genera
257 898 473 1008 fingulatim
499 919 739 1011 cornparant,
762 897 906 1007 quibus
925 899 1036 998 juxta

97 1029 191 1107 artis
222 1025 294 1109 luae
329 1027 434 1136 leges
462 1027 538 1110 rite
568 1027 793 1124 commistis,
819 1027 857 1106 in
890 1021 1032 1106 tabulis

85 1142 264 1260 ſsspeciem
283 1150 419 1236 formal
438 1151 597 1257 cujusvis
626 1151 791 1234 fimilem
821 1147 1029 1233 delineant.

97 1276 184 1360 Ubi
216 1264 308 1364 sane
332 1276 472 1361 accidit
500 1298 558 1378 ut,
585 1277 611 1358 fi
638 1277 808 1359 colorata
842 1272 1030 1378 ejusmodi

90 1425 259 1511 ¹corpora
277 1430 353 1484 non
386 1405 425 1486 in
454 1420 611 1486 tantum
641 1404 951 1513 appropinquant
978 1401 1028 1484 ad

94 1527 153 1605 rei
173 1524 283 1633 ipsrus
308 1526 497 1625 colorem,
524 1518 716 1639 quanturn
736 1524 785 1605 ad
806 1523 1028 1633 dignoscen-

89 1647 196 1732 dum
217 1651 266 1732 ab
283 1651 365 1753 aliis
383 1652 566 1737 omnibus
587 1650 675 1737 satis
695 1651 763 1748 est,
790 1647 914 1732 lraecce
936 1649 1026 1732 dein

95 1803 257 1886 corpora
277 1777 402 1860 minus
421 1778 531 1886 utilia
552 1778 600 1860 ad
620 1774 803 1888 pingendi
826 1770 1026 1860 confilium

90 1896 225 1986 futura
246 1901 346 2004 fint3
370 1904 474 1988 unde
496 1904 522 1987 sr
541 1902 619 1988 haec
644 1903 723 1988 sola
750 1902 885 1987 artifex
913 1931 1027 2016 appa·

91 2028 204 2128 ravit,
229 2030 361 2140 imago
380 2028 520 2114 saltem
539 2035 686 2113 ratione
702 2031 843 2112 coloris
858 2029 1026 2143 deliciet,

92 2157 274 2262 quamvis
290 2182 352 2238 ars
372 2154 487 2238 aliter
499 2158 633 2265 piolori
652 2184 727 2239 non
742 2155 847 2238 derit.
877 2154 1024 2243 Eidem

92 2274 245 2383 prorsus
265 2281 414 2360 ratione
442 2277 545 2361 fires
572 2301 762 2391 perceptae
794 2281 907 2360 nimis
934 2310 1023 2367 rarae

90 2401 177 2501 sint,
204 2425 273 2489 aut
293 2402 318 2485 fi
335 2431 423 2515 quae
446 2425 545 2514 aptae
564 2404 649 2489 sunt
673 2435 720 2490 ex
750 2403 937 2489 memorial
964 2408 1022 2491 di-

90 2524 283 2628 labantur,
316 2526 465 2611 etiarnsi
485 2530 720 2638 imaginandi
749 2526 910 2611 facultas
930 2559 1022 2618 rnu-

88 2679 183 2734 nere
217 2649 282 2734 suo
314 2648 493 2762 praeclare*
526 2651 632 2762 fungi
652 2655 804 2749 valeat;
846 2671 1022 2747 attamen

86 2775 190 2859 inter
221 2779 312 2859 alias
348 2775 451 2860 haud
485 2775 601 2862 facili:
634 2779 838 2878 eminebit,
883 2799 1020 2890 utpote
1097 2863 1099 2866 Α

87 2929 177 3012 quae
195 2901 426 2985 idoneorum
449 2903 609 3012 indiget.
665 2900 814 2989 Verum
834 2933 912 2987 uon
932 2935 1021 2991 nro·

86 3025 143 3107 do
164 3027 359 3109 coloribus
378 3027 560 3112 destituta
593 3028 756 3113 facultas
783 3036 931 3115 muneri
952 3036 1021 3117 de·

83 3147 216 3233 futura
238 3151 306 3254 est,
332 3151 398 3234 led
412 3161 452 3237 &
470 3153 495 3235 fi
516 3154 745 3263 exemplaria
765 3160 917 3267 optirna
940 3186 1019 3242 non
1154 3152 1157 3157 ’

81 3270 314 3382 suppetunt,
342 3277 472 3386 qualia
506 3279 722 3361 aemuletur.
776 3280 943 3385 Huiusce
975 3283 1018 3364 fi-

80 3397 248 3508 quidem
270 3397 468 3483 facultatis
494 3401 698 3508 peculiaris
718 3400 789 3484 dos
803 3404 854 3485 est
874 3408 1018 3497 imitari

80 3546 332 3632 quacunque
353 3543 639 3633 proponantur,
665 3522 786 3638 idque
806 3525 938 3611 utrum
966 3561 1016 3614 ae-
1083 3590 1091 3601 ,
1143 3600 1147 3605 ,

79 3644 347 3732 mulationem
382 3669 618 3751 mereantur,
654 3649 801 3749 necne3
842 3653 1014 3768 ideoque

522 3781 607 3878 K4
944 3807 1013 3886 pro
