2498 4358
86 262 183 348 102
343 246 352 283 ⁸
375 241 457 348 De
486 237 737 352 Medicina
761 247 966 359 Mentis·-

217 431 266 520 ne
293 435 494 529 hominurn
516 459 670 522 mentes
695 444 817 552 aequis
840 441 1001 555 passibus
1028 443 1162 552 prose-

218 572 326 650 dlum
356 572 527 677 corporis
553 596 629 651 non
650 573 914 672 comitantur3
943 598 1002 671 ac,
1031 598 1160 683 quan·

221 689 273 774 do
302 691 374 775 hoc
400 691 591 778 annosum
617 693 791 796 evaserit,
818 697 893 786 illae
922 724 970 782 ex
996 696 1161 811 ephebis

222 819 379 901 minime
399 814 651 905 excesserunt.

41 1058 174 1164 relapsa
277 1071 481 1174 Perceptio
503 1087 639 1151 autem
662 1069 723 1151 vel
744 1094 879 1151 eorum
898 1069 967 1170 est,
986 1097 1076 1182 quae
1096 1095 1158 1152 ex·

24 1182 200 1306 'jss'tssw
222 1187 406 1276 trinsecus
439 1185 619 1291 afficiunt,
645 1190 709 1272 vel
744 1216 831 1301 quae
858 1192 962 1273 intra
976 1210 1158 1274 mentem

40 1334 115 1387 antra
128 1346 200 1383 men·
222 1310 333 1398 fiunt.
381 1315 574 1398 Prioribus
590 1315 775 1398 nimirum
796 1311 1054 1415 accensentur,
1069 1340 1158 1426 quae

42 1410 186 1491 '‘ms'‘m'
222 1463 299 1520 non
321 1436 444 1528 modo
466 1437 637 1546 corporis
656 1439 859 1539 exteriora,
885 1436 1021 1520 veriam
1042 1444 1083 1522 &
1103 1440 1159 1518 in·

220 1562 364 1650 teriora
403 1581 566 1671 tangunt
601 1559 788 1655 sentiendi
824 1588 980 1672 organa,
1013 1571 1159 1674 ‘preter

220 1694 287 1776 illa
308 1689 332 1775 i
350 1693 493 1805 quibus
517 1693 659 1772 ruentis
678 1687 890 1799 superiores
910 1687 1085 1796 pendent
1103 1685 1158 1773 fa,

220 1815 402 1898 cultates.
457 1817 670 1896 Enimvero
697 1838 856 1902 omnem
879 1813 952 1895 save
971 1831 1156 1895 externo·

203 1922 307 2023 'rum
330 1935 508 2021 sensuum
525 1934 591 2018 seu
613 1940 839 2021 interiorum
863 1939 1155 2048 perceptionem

218 2063 294 2150 rite'-
313 2060 451 2143 babere
473 2087 541 2169 par
561 2060 628 2159 est,
655 2059 720 2141 ubi
741 2088 850 2156 mens
869 2061 1037 2146 feliciter
1055 2088 1157 2172 optas
1227 2090 1230 2097 ·

204 2183 546 2295 tuumnanfigere
565 2190 724 2296 poterit.
780 2185 1157 2299 Dispiciendumigs·

122 2408 126 2414 ,
218 2326 284 2417 tur
296 2310 429 2397 utrum
446 2310 550 2392 aliud
566 2337 635 2420 pro
648 2310 725 2393 alio
740 2306 903 2395 sentiant
922 2353 932 2409 3
960 2338 1006 2397 ac
1021 2311 1154 2401 utrlrn

218 2439 388 2551 qualiter
407 2435 720 2549 unumquodque
735 2435 865 2538 babet,
885 2435 1052 2547 idipsum
1069 2464 1155 2546 per-

217 2566 388 2677 cipiant.-
429 2559 552 2659 Qadd
571 2558 597 2642 fi
615 2563 654 2643 in
672 2560 785 2646 rebus
804 2565 906 2644 tri-tis
926 2569 966 2645 ὅ(
984 2563 1154 2651 maxime

216 2680 440 2798 vulgaribus
476 2681 742 2793 dignoscendis
774 2684 1021 2796 apprehenso
1040 2686 1154 2772 vacil-

215 2812 287 2911 let,
315 2811 415 2896 adeo
447 2829 494 2892 ut
527 2807 605 2896 lraec
639 2836 709 2918 pro
738 2809 805 2892 illd
824 2811 899 2893 fine
918 2808 1152 2897 haefitatione

216 2933 463 3052 percipiatur,
489 2928 603 3010 aliter
631 2957 674 3012 ac
696 2929 779 3014 fieri
797 2933 958 3018 solitum
977 2935 1046 3037 est,
1076 2935 1153 3018 lraec

213 3055 376 3145 facultas
407 3050 618 3160 graviffinre
645 3052 731 3142 laedi
749 3058 887 3140 exinde
908 3076 1047 3166 patet3
1076 3055 1153 3172 qni

212 3179 377 3295 quidem
412 3179 556 3259 rarione
590 3175 767 3265 funditus
794 3199 870 3264 non
892 3181 978 3264 raro
1010 3186 1155 3272 everti·

213 3312 291 3405 tur,
320 3309 373 3387 ita
399 3322 446 3395 ut
469 3305 551 3412 spes
571 3328 658 3384 earn
680 3303 965 3412 redintegrandi
984 3307 1154 3390 nullate-

214 3459 285 3513 nus
318 3427 464 3537 concipi
483 3443 614 3534 queat.
670 3430 770 3516 Hinc
792 3430 909 3536 igitur
929 3432 1077 3531 evenit,
1104 3448 1153 3514 ut

211 3551 262 3630 ad
301 3540 531 3632 morborum
567 3552 716 3631 exitum
753 3549 961 3638 salutarem
999 3556 1063 3636 vel
1098 3550 1155 3638 in-

211 3670 376 3783 faustum
398 3669 787 3798 praecognoscendum
810 3677 1073 3786 perceptionis
1093 3680 1150 3757 in·

1026 3806 1146 3896 tegar·
