2498 4358
87 253 134 401 u
362 222 1006 342 PRAEFATrm

222 403 333 511 hasce
379 408 481 497 solas
523 411 713 521 regendas
749 411 919 524 presens
945 401 1178 521 humsmnds

222 527 334 616 labor
367 533 603 634 instituitur5
643 528 838 646 quatenus
866 538 1072 623 nimirum
1093 564 1165 624 cae·

223 650 323 759 tera,
349 683 436 769 qua
469 654 518 740 ad
551 677 728 741 mentem
757 655 946 768 spectant,
987 658 1046 743 laia
1079 660 1165 770 ipfia

224 775 358 888 subjici
385 780 549 864 debent.
602 780 772 898 Reliqua
791 776 882 871 land
901 785 1165 898 ananiaeque

225 897 277 1011 ad
296 900 409 986 bruta
428 903 640 989 animantia
657 930 702 990 ac
715 902 898 1006 homines
915 901 1165 1011 referentum

227 1020 327 1111 aden
345 1044 394 1110 ut
423 1050 501 1109 non
531 1025 670 1129 defint,
694 1031 765 1140 qui
790 1029 1000 1116 nonnullis.
1021 1056 1163 1119 eorum

226 1146 374 1233 ratione
401 1146 591 1235 inferioris
624 1147 778 1256 hujusce
812 1154 1031 1264 praestantia
1061 1149 1170 1266 pluo

226 1263 347 1380 qualm
376 1267 600 1357 hominibus
625 1269 811 1379 tribuant.
865 1271 921 1356 At
940 1268 1037 1356 licet
1054 1293 1163 1383 quar·

228 1389 319 1475 dam
339 1420 388 1479 ex
407 1393 529 1480 brutis
547 1395 789 1507 imperfectas
819 1397 964 1479 mentis
987 1392 1163 1479 humanae

49 1618 53 1623 1
226 1507 462 1604 facultatum
494 1522 686 1636 imagines
716 1549 792 1632 prae
826 1518 861 1604 se
893 1505 1033 1623 ferant,
1073 1542 1164 1627 pro·

149 1676 157 1693 2
227 1637 355 1755 pidsve
373 1642 421 1728 ad
441 1643 607 1730 eandem
626 1644 826 1744 accedant,
852 1643 916 1729 vel
944 1641 993 1726 ab
1020 1635 1162 1722 eidem

227 1769 352 1852 etiam
383 1767 548 1879 longiori
578 1766 784 1854 intervallo
809 1767 960 1866 distent,
984 1761 1163 1864 nondum

229 1909 364 1974 tannen
382 1892 569 1994 constitit,
594 1891 671 1977 huc
703 1887 825 2004 usque
857 1888 994 1980 eadem
1026 1913 1163 1997 perve-

229 2013 326 2114 nire,
351 2038 480 2124 neque
499 2037 581 2098 arte
600 2013 740 2126 quivis
752 2017 832 2097 vim
852 2039 991 2097 eorum
1010 2008 1162 2097 insitam

230 2135 280 2222 ad
300 2138 514 2249 paritatem
535 2139 768 2253 promoveri.

58 2403 206 2480 ortanae»
289 2389 438 2476 Idcirco
475 2408 606 2474 autem
645 2387 752 2474 haud
787 2385 972 2474 absonum
1007 2387 1164 2474 videtur

54 2491 198 2628 '22ssss
231 2512 489 2635 quaerereubi
517 2515 662 2600 mentis
693 2504 899 2598 discrimen
933 2512 1048 2598 fitum
1081 2512 1161 2612 esta

52 2645 207 2728 faurama
230 2667 278 2725 ex
316 2667 402 2753 quo
438 2633 554 2722 homo
592 2637 743 2751 reliqua
784 2656 932 2722 naturae
969 2635 1161 2746 dignitate

51 2730 191 2814 ΜΨ·
233 2764 440 2848 animantia
473 2756 658 2873 superat3
700 2789 826 2874 quum
858 2758 991 2872 quoad
1024 2784 1162 2870 corpus

231 2880 329 2996 saepe
347 2911 425 2968 non
443 2883 561 2994 longe
578 2883 691 2965 aliter
708 2883 872 2966 habeat:
904 2881 995 2970 Alia
1011 2884 1164 2967 etenim

231 3008 412 3119 languine
428 3006 541 3092 fimili
561 3001 758 3110 fruuntur,
785 3002 1002 3120 caeteristrue
1021 3010 1164 3119 paritet

232 3122 426 3254 laticibm,
450 3132 519 3243 qui
545 3129 594 3212 ad
626 3127 749 3214 vitam
781 3128 949 3242 spedant
980 3130 1091 3243 aeque
1110 3129 1161 3217 ad

230 3251 392 3345 sensum.
458 3252 605 3341 Ndnne
661 3253 862 3340 brutorum
910 3255 1161 3369 quorundam

230 3380 392 3489 perinde
424 3396 543 3490 atque
576 3372 781 3460 hominum
810 3373 959 3486 sanguis
990 3377 1162 3481 exardet,

229 3503 441 3615 spirituque
461 3498 572 3612 aequd
591 3499 799 3608 repletur?
854 3498 998 3586 Ndnne
1018 3500 1161 3586 itidem

97 3710 100 3715 ,
228 3624 524 3738 perturbantur,
540 3618 597 3706 iad
622 3616 912 3726 excandescunt,
952 3647 997 3723 ac
1030 3620 1162 3712 futore.

316 3780 319 3785 ·
1035 3756 1168 3855 'per-¹
