2498 4358
280 229 360 338 De
385 227 638 344 Medicina
664 230 862 339 Mentis.
1115 251 1183 372 39

97 423 156 519 ut,
183 415 367 533 fiquando
397 420 447 503 ad
468 419 632 503 eandem
657 415 911 502 excolendam
931 437 1040 504 totus

99 542 223 626 homo
237 547 337 627 vires
351 540 433 628 suas
447 537 610 655 dirigere
627 543 778 625 nititur.
837 541 900 624 Ad
916 571 1037 658 quam

98 695 186 750 rem
219 670 259 752 in
286 666 507 755 universum
538 666 705 751 feliciter
732 666 942 777 gerendam
964 669 1037 750 So·

96 793 221 874 cratis*
246 787 448 878 confilium
481 788 693 901 plurimum
722 792 841 892 valet,
869 781 938 909 qui
965 789 1037 875 hu-

94 913 209 1021 jusce
223 916 387 1000 instituti
411 917 494 997 vim
514 917 553 996 in
579 913 634 1001 sui
655 913 766 1027 ipsius
782 917 950 1022 imperio
972 944 1037 1000 ex-

94 1057 231 1149 pertus
249 1038 318 1120 est.
371 1037 443 1123 Ille
464 1039 569 1121 enim
590 1036 654 1153 (a)
676 1061 800 1145 exque
813 1053 963 1148 tempore
979 1035 1035 1120 irr-

95 1155 264 1268 telsigere,
299 1183 376 1268 que
408 1153 625 1261 dicebantur,
662 1159 813 1270 ceperit,
846 1185 1034 1271 nunquam

92 1283 279 1393 interrnifit
292 1305 369 1371 turn
383 1286 573 1396 inquirere,
603 1303 679 1369 tum
692 1282 836 1398 discere,
861 1282 1036 1396 quicquid

91 1409 176 1497 boni
199 1430 353 1525 poterat.
409 1415 573 1500 Constat
611 1415 757 1527 quippe
794 1414 1031 1526 Xenophon-

88 1556 178 1622 tem
205 1536 432 1649 scriptorem
471 1537 656 1622 omnibus
680 1542 851 1622 numeris
880 1537 1031 1624 absoiu·

87 1680 180 1746 tum
214 1659 423 1748 exhibuisse
451 1663 655 1746 Socratem
686 1679 891 1773 tanquam
897 1689 1051 1747 exem-

89 1785 218 1896 plat
194 1815 238 1894 ns
259 1787 512 1890 imitandum,
541 1789 770 1903 quicunque
791 1786 958 1898 quidem
976 1785 1029 1872 st·

87 1939 196 2023 pere,
223 1933 302 1998 non
321 1913 414 1999 veri)
441 1909 551 2025 supra
579 1910 689 2024 quod
716 1912 940 1999 hominibus
959 1941 1027 2058 pat

86 2033 146 2139 fit,
174 2038 312 2123 velint.
367 2035 493 2144 Quod
526 2033 697 2149 ipsum
685 2065 723 2122 tn
763 2033 822 2149 (b)
868 2044 1027 2124 nomine

86 2162 259 2270 ejusdem
272 2167 343 2251 viri
361 2163 506 2276 fignate
523 2164 730 2275 proditum
749 2164 803 2245 est
814 2205 825 2262 ,·
849 2164 954 2275 quafi
968 2169 1026 2248 in-

86 2287 262 2375 dicarent
282 2292 408 2377 Attici
433 2287 674 2398 imperiosus
694 2288 807 2402 ipfius¹
833 2282 1025 2402 potitum,

83 2407 318 2528 salvumque
337 2413 440 2498 illud
472 2408 510 2495 in
529 2411 721 2498 ultimum
750 2434 908 2523 tempus
930 2439 1024 2521 prae-

85 2533 281 2618 stantem
321 2536 408 2639 Ille,
437 2533 494 2647 (e)
522 2537 650 2646 inquit
678 2554 792 2620 autor
823 2531 1025 2639 laudatus,

501 2662 541 2742 D
572 2684 597 2765 4
904 2656 1021 2768 prirrrd

126 2995 168 3086 (a
166 2995 187 3081 )
147 2997 370 3094 a.Xenoph
390 2998 491 3096 Apos.

127 3118 181 3210 (b)
210 3121 290 3196 ’Ars
317 3132 359 3196 rt
385 3131 490 3209 retro
517 3129 555 3199 ti
575 3134 690 3218 κράτος.
739 3122 847 3225 Qod
875 3126 1019 3204 denotat

80 3214 262 3304 etiamnon
279 3228 388 3308 modo
404 3259 542 3326 regnum,
563 3232 618 3312 sed
636 3249 667 3312 &
687 3238 741 3307 ves
718 3234 856 3306 ’siorirrm
874 3235 1020 3322 obtinere,
1164 3241 1167 3245 ’

80 3363 119 3414 ac
134 3335 275 3434 servare
878 3366 880 3371 ·

123 3461 156 3552 (c
159 3459 177 3550 >
195 3464 291 3538 Idem
312 3464 453 3543 ibidem.
501 3471 541 3544 In
558 3495 628 3568 qua
653 3467 878 3561 descriptione
896 3468 951 3543 bis
968 3474 1018 3544 as·

81 3575 184 3653 lusum
203 3574 248 3651 est
271 3581 316 3654 ad
337 3580 561 3674 posteriorem,
586 3607 659 3679 quae
680 3584 829 3659 nominis
849 3585 1019 3675 compost-

81 3691 204 3775 tionem
233 3689 437 3782 ingreditur,
461 3715 604 3765 vocem:
634 3691 752 3766 Verba
776 3692 1018 3790 Xenophontis

83 3796 164 3894 sunt,
191 3799 249 3901 ἧος
274 3807 385 3895 πρῶτον
415 3809 473 3897 μὲν
493 3805 683 3897 Ἀφροδισίων
701 3814 752 3885 rei
770 3813 882 3899 perpie
899 3810 1018 3880 reseret

913 3917 1025 4005 emt-
