2498 4358
101 243 217 391 a34
426 220 508 346 De
527 221 793 339 Mennim
813 227 1011 339 Mena

246 400 526 491 inclaresceret
578 409 685 492 Inter
711 432 814 527 quos
840 403 956 497 senex
987 410 1057 497 ille
1072 413 1185 514 Coun

244 526 462 633 eminebat,
486 551 596 639 quum
624 533 755 643 (ut(a
758 531 852 643 )ait
870 522 1041 654 Celsus)
1064 565 1183 629 ucen-

242 653 349 742 tr‘orer
373 679 510 768 quoque
527 653 669 761 rnedicr',
693 655 865 766 quamvis
883 657 922 742 in
941 660 1183 755 mationiau

243 778 433 889 mutarint,
477 778 694 866 remeabat
727 777 921 894 [infirmis
957 776 1182 881 nanturinir

232 902 360 1024 figna]
389 849 489 997 issum
509 904 637 1019 optima
625 899 846 1018 prasagffle
858 898 1072 1020 fateantm.

66 1182 106 1252 aa
129 1178 185 1266 qut
298 1161 448 1266 Interea
479 1155 742 1271 quamobrem
781 1154 895 1269 hujus
930 1159 1176 1273 praesagientis

67 1269 178 1343 Μ·
242 1271 443 1365 facultatis
482 1279 712 1382 incunabula
755 1281 853 1365 intra
890 1282 1177 1393 retrospiciendi

244 1407 494 1515 pomoeriar
469 1402 535 1491 sita
561 1401 635 1488 esse
654 1403 883 1509 indicantur,
910 1425 1034 1518 atque
1054 1407 1136 1493 ad
1124 1435 1177 1520 rp-

226 1524 322 1611 .sam
349 1529 494 1640 puriter
513 1530 720 1637 pertinere,
743 1553 791 1612 ex
806 1528 957 1641 Sapha
984 1528 1094 1614 iliius
1124 1527 1177 1612 hi·

229 1651 355 1739 -siotii
379 1650 522 1760 disrere
553 1653 620 1754 est,
645 1653 728 1765 qui,
753 1651 915 1764 quando
945 1653 1089 1765 vulgus
1118 1649 1173 1736 se·

242 1804 335 1884 tum
360 1777 449 1864 sosia
480 1778 623 1879 radios,
648 1804 774 1890 quum
803 1780 976 1888 primurn
1004 1775 1172 1865 obortae

241 1918 322 2002 tut,
348 1901 556 1986 discernere
576 1929 626 1986 ex
640 1927 749 1987 more
769 1898 871 2012 apud
883 1927 953 1987 eos
968 1901 1174 1986 obtinente

243 2045 462 2128 conaretur,
520 2024 697 2139 ideoqffi
732 2030 920 2112 orientem
958 2023 1172 2137 prospecta·

243 2172 345 2264 rent,
381 2156 421 2237 in
456 2150 629 2264 oppostta
675 2157 871 2253 montium
911 2155 1000 2265 iuga
1033 2152 1171 2250 oculos

242 2270 331 2360 suos
349 2272 556 2374 flectebam
598 2273 814 2390 eorumque
842 2271 1033 2381 altiffima,
1058 2274 1171 2391 ptius,-

242 2427 366 2513 quam
397 2397 686 2484 circumstantes
712 2394 833 2481 solare
866 2427 1011 2511 corpus
1043 2400 1170 2490 videre

243 2520 404 2636 possent,
438 2523 565 2608 radios
601 2520 715 2634 ipsius
743 2519 972 2608 illustrantes
1001 2521 1169 2637 respexit·

241 2642 329 2739 Pari
348 2679 489 2764 nempe
520 2653 669 2735 ratione
699 2675 745 2731 ea
762 2652 904 2737 mentis
930 2652 1068 2737 nostrae
1087 2645 1169 2758 sors

242 2777 411 2878 videtur,
438 2796 485 2860 ut
509 2770 603 2884 saepe
634 2799 798 2859 numero
829 2775 1029 2883 praesentia
1062 2799 1168 2868 tom·

242 2899 398 2984 modiin
427 2925 471 2981 ac
500 2896 639 2981 cerritis
657 2899 694 2980 in
711 2893 865 3008 speculo
884 2902 1167 3010 praeteritorum

240 3025 397 3131 videat3
422 3045 462 3111 at
481 3021 614 3111 fututa
632 3017 782 3135 semper
803 3051 880 3110 non
900 3025 967 3110 nisa
986 3026 1082 3110 inibi
1102 3023 1168 3109 de-

238 3154 379 3242 lineata
408 3155 613 3238 intueatut.
674 3146 803 3248 Quale
834 3149 938 3234 certi:
970 3147 1166 3261 speculum

239 3273 479 3390 experientis
517 3273 643 3383 politi,
688 3291 807 3383 atque
843 3275 882 3357 in
918 3268 1011 3358 usus
1049 3273 1166 3357 varios

238 3403 417 3514 adaptari
428 3417 562 3513 queat.
614 3395 738 3499 Quod
756 3415 884 3485 tamen
909 3415 956 3482 ut
977 3394 1026 3480 ad
1047 3389 1166 3483 amns·

285 3744 341 3841 (et)
365 3750 407 3826 Iu
423 3751 505 3830 libri
524 3752 660 3833 secundi
680 3746 886 3853 prefatione.
1103 3870 1165 3966 ὼ
