2498 4358
124 214 223 302 120
424 201 504 312 De
532 205 782 320 Medicina
810 218 1009 327 Mentis.

248 388 381 473 utnim
396 390 515 495 ijdem
548 391 686 476 fierent
705 422 773 504 per
797 391 1033 506 fingulorum
1054 394 1184 482 sensu-

248 541 317 596 um
355 517 573 626 peculiares
605 545 650 600 ac
681 515 759 601 uni
794 522 1013 623 conjunctas
1039 522 1195 633 volup--

244 656 363 741 tutes,
401 642 463 724 vel
506 667 573 750 per
592 642 789 724 rationum
817 639 1128 748 fimilitudinem,
1154 643 1179 728 ri

249 790 414 874 quarum
434 759 511 847 und
544 758 699 874 cogniti
720 761 886 871 prolixae
906 793 1034 849 rerum
1066 764 1181 849 seties

249 887 457 973 ordinatim
490 890 544 970 ita
580 879 763 998 disposrtae
781 880 912 987 essent,
939 898 1049 976 ut&
1067 916 1180 972 mens

246 1012 501 1097 diverfitatem
528 1040 576 1095 ex
607 1011 712 1116 juxti
733 1012 896 1116 conlatis,
927 1040 972 1098 rc
999 1013 1180 1099 fimilitu·

247 1134 381 1219 dinem
413 1153 570 1247 propter
608 1161 668 1217 res
691 1131 788 1244 ipsas
820 1155 1002 1246 cognatas
1036 1136 1178 1231 eidem

246 1279 314 1343 aut
334 1261 411 1368 pari
434 1262 582 1343 ratione
610 1257 647 1341 se
675 1256 856 1341 habentes
888 1259 1093 1370 pervideat
1120 1282 1178 1346 te·

245 1381 431 1501 neitque.
485 1388 527 1468 ln
550 1381 654 1467 hunc
684 1382 850 1467 modurn
866 1382 1035 1470 salubres
1054 1387 1176 1471 menti

244 1505 378 1617 dapes,
406 1503 481 1594 alid
513 1526 630 1617 atque
660 1503 733 1588 alid
763 1505 888 1589 sormi
922 1506 1177 1595 subministra·

243 1655 302 1720 tus
331 1660 407 1719 nou
445 1630 626 1721 exsatiare
658 1629 777 1714 visum
797 1632 863 1733 est,
891 1626 956 1715 sed
977 1635 1208 1748 perpetuo]-

239 1778 427 1873 tanquam
466 1755 517 1840 de
557 1782 657 1839 novo
692 1759 890 1866 apparatas
928 1757 1059 1844 eidem
1093 1761 1174 1873 pla·

243 1908 344 1966 cere.

74 2114 234 2215 ’‘dds'‘
295 2130 337 2215 Iu
365 2122 556 2240 quintum
590 2126 754 2237 proinde
785 2129 929 2216 modus
955 2135 1084 2244 quivis
1104 2163 1170 2219 no·

68 2198 173 2275 petendu
186 2216 229 2269 ur·

69 2262 184 2345 caurus?
242 2266 313 2325 vus
333 2267 391 2325 res
411 2236 564 2320 eusdem
595 2238 856 2325 exhibendiin
879 2241 914 2324 se
936 2249 1169 2356 *compledi-

239 2383 304 2447 tur
330 2365 653 2475 precognitumm
689 2367 988 2473 repetitionem
1022 2369 1092 2453 ubi
1131 2375 1166 2454 &

233 2488 342 2577 hosce
388 2489 575 2591 recolere,
611 2485 786 2601 ipsisque
826 2493 968 2595 denuo,
1008 2524 1097 2608 quae
1131 2502 1167 2585 in

237 2622 437 2703 memoriae
471 2611 622 2700 tubulas
654 2615 783 2699 relate
816 2613 914 2718 sunt,
942 2626 1167 2707 concinnare

235 2743 473 2858 frequentiis
495 2753 678 2855 oportet3·
711 2749 749 2825 in
781 2761 936 2828 tuntum
968 2750 1000 2827 is
1036 2751 1087 2830 ad
1106 2778 1165 2834 ea·

236 2896 325 2952 rum
365 2867 686 2949 reminiscentiam
724 2865 832 2949 utilis
876 2869 943 2949 est.
975 2875 1095 2969 -Quo
1130 2878 1165 2956 iu

237 2994 396 3104 negotio
416 2995 487 3101 qui
518 2990 603 3074 tsrm
625 2993 859 3101 peculiarem
890 2989 955 3074 srbi
994 2999 1166 3106 cogitan-

238 3113 277 3199 di
301 3114 551 3217 methodum,
572 3113 664 3196 tirm
685 3119 861 3200 animum
882 3111 991 3199 suum
1030 3117 1164 3204 fortius

231 3239 414 3329 ferientia
440 3260 506 3321 aut
535 3248 664 3350 peetus
686 3237 859 3320 blandius
878 3247 1078 3350 tangentia
1099 3244 1168 3326 ad-‘

235 3386 410 3462 vertunt,
439 3364 474 3446 hi
507 3360 756 3446 tutaremus
783 3362 833 3444 ad
861 3362 1034 3448 amuffim
1058 3366 1163 3451 suam

233 3488 433 3596 disponere
457 3506 652 3596 putemne,
673 3487 800 3595 qualit
839 3495 1070 3573 memoriter
1092 3490 1166 3573 cal·

233 3615 312 3697 lere
332 3632 484 3718 optant.
513 3611 650 3720 quue
663 3609 824 3692 tandem
845 3619 955 3721 padio
977 3609 1078 3694 hisce
1095 3613 1165 3696 stu·

234 3735 302 3848 dijs
339 3735 386 3818 ud
425 3740 657 3820 memoriam
680 3731 875 3837 adhibitis,
901 3735 982 3847 qui
1016 3737 1163 3820 ratione

377 3890 380 3897 ·
1059 3886 1164 3942 com-
