2498 4358
277 221 357 330 De
383 218 636 338 Medicina
664 224 863 336 Mentis.
1001 164 1003 166 ῃ
1079 248 1149 368 47

67 406 234 510 majores
252 430 348 496 natu
369 409 661 523 aggrediuntur,
693 411 905 498 admiratur
941 439 1006 496 co·

64 528 272 643 natbrque.
341 539 459 620 Nunc
482 543 521 620 δι
542 533 563 617 al
582 533 675 618 salso
711 563 849 620 verum
886 528 1005 619 secer·

65 676 160 734 nere
195 660 303 769 cupit
327 659 563 762 intelledlus,
588 665 802 745 accessum
824 660 1006 770 pravt'rm-

67 801 152 885 que
170 777 235 862 fibi
256 779 423 865 conscire
441 784 577 893 incipit
598 816 607 866 :
637 783 849 867 Solertiam
869 781 917 865 ad
932 808 1008 892 pua·

66 901 182 984 erilia·
212 902 408 992 tradlanda
438 905 530 988 dein
557 903 727 1010 adhibet,
755 903 914 1018 vimque
947 909 1008 988 'in-

66 1021 306 1136 dagatricem
335 1054 469 1110 rerum
499 1027 713 1110 celatarum
748 1027 922 1142 eousque
946 1029 1006 1112 os-

64 1147 212 1251 tendit,
237 1170 282 1233 ut
317 1150 444 1259 qualis
475 1152 607 1235 sutura
629 1149 673 1233 srt
692 1149 843 1261 posthac
864 1155 1007 1238 mentis
1055 1253 1056 1258 Ν

65 1276 240 1382 potestas
254 1275 326 1358 haic
347 1296 463 1387 aetate
483 1272 771 1360 observantibus
783 1278 1004 1387 patefacere

68 1395 307 1485 consuescat.
362 1406 415 1485 Et
443 1396 538 1513 quid
559 1403 597 1482 ni
616 1403 716 1482 inter
737 1427 870 1510 parvos
890 1399 1002 1487 hosce

64 1525 261 1609 latentem
296 1528 537 1639 requiramus
564 1523 803 1632 scriptorem,
829 1529 1004 1637 quisquis

64 1651 136 1736 ille
170 1652 230 1755 fit,
262 1655 330 1765 qui
358 1649 532 1737 seculum
561 1652 698 1759 ingenii
718 1647 918 1733 fertilitate
935 1678 1004 1732 ex-

66 1777 249 1861 culturus
288 1777 375 1859 esti
427 1777 509 1874 Qui
543 1770 690 1857 scilicet
722 1771 903 1858 laudibus
936 1771 1004 1854 de-

65 1901 161 1981 bitis
180 1899 355 2014 quidem,
373 1897 440 1983 sed
457 1898 478 1980 ai
498 1899 698 1986 coaetaneis
720 1897 888 2004 ipsorum
905 1897 1001 1980 dum

72 2025 247 2107 viverent
273 2020 633 2135 propter-invidiam
652 2025 813 2132 negatis,
841 2027 1002 2127 majores

66 2145 277 2261 aliquando
315 2147 537 2247 cumulet,
581 2175 625 2232 ac
663 2147 753 2230 dein
785 2149 1000 2231 eorundem

66 2274 232 2358 aemulus
267 2273 369 2354 inter
405 2268 602 2355 clariffima
638 2267 744 2352 orbis
778 2268 923 2355 literati
960 2273 1004 2356 sr-

67 2402 162 2484 dera
178 2395 434 2506 resplendeat.
478 2403 687 2508 Propterea
705 2393 918 2482 illiusmodi
939 2421 1002 2484 te·

66 2529 170 2610 neris
210 2543 249 2608 at
289 2521 481 2615 soecundis
511 2526 671 2634 ingeniis
697 2523 928 2628 optandum,
955 2547 1003 2610 ut

66 2650 358 2764 exemplaribus
396 2638 474 2731 bon
516 2645 640 2732 modo
679 2644 906 2756 priscorum,
938 2678 1004 2732 ve-

66 2778 156 2864 rbm
198 2786 237 2864 δι
264 2802 514 2886 nuperorum,
552 2773 632 2857 imi>
671 2780 709 2857 &
750 2769 867 2854 hodie
907 2775 1000 2860 auri

65 2901 236 2988 athereai
271 2897 533 3000 vescentium,
576 2898 725 3012 quibus*
761 2926 870 2983 mens
909 2902 1005 2999 divi-

64 3033 153 3111 nior
191 3026 245 3107 est
278 3044 397 3137 atque
433 3053 476 3109 os
509 3050 648 3134 magna
682 3021 919 3127 sonaturum,
953 3055 1001 3108 ne

67 3153 357 3252 destituantur3
386 3169 448 3254 ut,
475 3149 633 3263 quando
660 3171 749 3231 aetas
775 3151 1003 3254 adoleverit,

66 3274 261 3358 memorii
293 3302 384 3358 cum
413 3274 619 3384 voluptate
639 3275 875 3375 tenentibus,
902 3301 1003 3386 quos

66 3398 118 3481 ad
150 3402 285 3483 vivum
315 3396 482 3483 suaviter
514 3397 723 3500 delineent,
750 3425 889 3480 eorum
918 3427 1002 3482 om-

64 3527 181 3606 nium
209 3529 373 3609 virtutes
401 3519 666 3631 repracsentare
688 3519 937 3632 amularique
957 3526 1002 3607 li-

66 3650 173 3728 beat.

846 3777 1001 3880 Nempe
