2498 4358
255 236 336 346 De
371 232 629 350 Medicina
661 236 863 353 Mentis.
1063 256 1160 376 157

82 457 304 533 avarorum,
331 426 396 542 (a)
416 434 500 542 qui,
527 457 575 511 ne
595 427 726 540 inopii
744 427 1017 542 dependantur,

80 556 205 642 etiam
223 556 320 640 dum
335 556 477 660 divitijs
491 551 670 655 affluunt,
681 577 872 655 verentes,
883 555 932 638 ad
947 559 1018 635 mi-

80 681 287 766 serrimum
307 679 405 765 istud
426 674 573 762 insaniae
598 705 720 787 genus
734 677 1019 790 deprimuntur.

83 802 315 918 Aliquando
349 807 471 886 etiam
503 802 553 884 de
591 806 717 910 priore
754 806 793 887 in
832 796 1019 912 posterius

83 927 279 1015 transitur.
333 928 501 1009 Memini
511 928 618 1008 enim
633 929 761 1036 virum
776 926 916 1010 mediae
934 945 1024 1012 atta·

83 1057 136 1137 tis
168 1072 429 1140 mercaturam
462 1070 557 1135 tunc
589 1056 777 1160 temporis
802 1053 1021 1156 facientem,

85 1205 208 1291 quem
227 1178 396 1262 vanitate
415 1173 568 1260 abunde
585 1174 826 1262 laborantem
847 1198 939 1262 ante
959 1174 1022 1262 sex

86 1299 242 1387 menses
261 1299 415 1403 nbram,
441 1307 480 1386 δι
502 1327 623 1413 quern
645 1301 775 1384 audivi
788 1302 1021 1385 Londinum

85 1425 312 1528 advenum,
339 1438 522 1537 curaeque·
536 1423 681 1508 medici
699 1424 940 1511 commissum
958 1453 1023 1509 ve-

86 1553 171 1642 luti
190 1553 398 1664 posteriore
418 1551 545 1636 morbi
568 1578 708 1662 genere
727 1557 803 1658 jam
818 1550 1021 1648 affeetum3

85 1677 335 1773 ,ubitandem
351 1673 576 1787 supremum
596 1676 702 1759 diem
715 1678 814 1778 obit,
840 1675 1023 1787 morsque

88 1800 260 1886 divitem
275 1829 369 1886 eum
389 1798 547 1883 fatetur.
601 1799 687 1884 lmb
707 1808 747 1886 δε
768 1803 933 1885 varietas
947 1799 1023 1882 du-

91 1920 189 2010 dum
202 1930 243 2010 in
258 1942 595 2038 utroque'genere
612 1921 828 2030 observata,
854 1953 931 2009 non
951 1927 1023 2010 alia

90 2051 161 2154 est,
187 2050 253 2134 nifi
283 2052 409 2161 qualis
440 2079 488 2132 ex
514 2048 657 2135 naturai
689 2071 813 2162 atque
832 2073 1026 2160 tempera·-

87 2191 228 2271 mento
247 2199 436 2282 aegrorum
455 2169 720 2281 proficiscitur,
746 2193 864 2282 prout
884 2171 1028 2266 scilicet

90 2299 294 2407 ingenium
334 2321 473 2388 eorum
505 2297 604 2377 mite
639 2300 679 2378 δι
699 2292 925 2405 benignum,
952 2301 1027 2387 five

91 2419 278 2520 audax&
296 2412 460 2500 efferum
481 2435 600 2527 atque
617 2418 784 2516 immane
803 2443 913 2506 antea
935 2454 1030 2536 cog-

94 2548 227 2637 nitum
259 2537 393 2626 fuerit.
422 2544 556 2637 ⁴Novi
588 2540 776 2652 equidem
808 2541 831 2624 i
865 2548 1029 2655 pueritii

96 2690 177 2771 tres
207 2669 300 2774 civis
330 2666 445 2768 filios,
471 2693 641 2779 quorum
664 2662 747 2748 sane
766 2687 876 2775 pater
894 2673 1029 2781 imagi-

94 2796 271 2897 nationis
289 2789 478 2901 potentii,
504 2813 691 2903 quantam
710 2788 860 2875 sodales
880 2801 1030 2906 experi-

137 3112 190 3189 (α)
210 3113 350 3176 Umidius
364 3112 487 3194 quidam
497 3116 570 3191 (non
579 3070 666 3190 loirga
677 3109 716 3170 est
729 3109 842 3185 fabula)
854 3115 934 3177 dives

93 3249 98 3256 ·
141 3229 186 3287 Ut
200 3222 349 3282 metiretur
361 3219 514 3289 nummos;
534 3218 733 3290 ita‘sordidus,
753 3236 786 3279 ut
799 3220 828 3282 se
898 3198 901 3203 .

142 3336 214 3395 Non
228 3347 353 3409 unquam
367 3325 447 3387 servo
460 3329 707 3401 meliusvestiret3
726 3330 763 3389 ad
781 3330 870 3416 usque
897 3354 901 3360 ·
952 3346 955 3352 '
1026 3332 1029 3341 '

143 3447 310 3522 supremum
323 3455 447 3520 tempus,
466 3458 501 3498 ne
516 3437 544 3498 se
556 3439 677 3521 penuria
690 3438 779 3501 vidus

145 3542 342 3628 opprimeret,
361 3531 527 3631 metuebam
547 3563 577 3606 at
591 3547 664 3606 bunc
677 3545 782 3607 liberta
796 3544 886 3611 securi

110 3699 113 3704 .
146 3649 253 3734 Divisit
264 3652 396 3715 medium
410 3650 558 3734 fortiffima
569 3651 809 3740 Tyndaridarum.

897 3741 962 3801 Hor.
1034 3810 1038 3819 γ
