2498 4358
283 218 285 223 ’
323 217 401 325 De
423 210 671 330 Medicina
695 214 901 329 Mentis

80 416 219 596 errent}
253 396 305 508 fta
342 401 453 488 etiarn
489 401 644 488 antona
674 404 790 489 nnitni
827 431 897 490 non
923 399 1015 517 poffe

194 511 439 626 urei‚perfi
482 513 548 624 qni
598 517 759 602 nnirnurn
803 545 878 604 non
915 543 1017 605 enee

81 645 175 712 cent.
201 540 347 714 jsDein
344 578 579 840 bpollguam
609 627 817 733 alleruerit,
844 631 1037 735 exercitas,

82 739 180 823 tione
207 738 326 824 onznia
344 732 433 820 bone
518 736 658 846 honesta
679 739 892 851 eornpnrari,
915 763 1020 826 enan-

87 866 160 954 ini
185 869 270 953 vern*
295 859 513 972 arundinea,
543 865 714 978 subjicit,
741 864 785 954 ln
808 869 928 954 eodem
946 895 1019 961 eor·¹

84 1013 169 1108 pore
188 990 393 1103 volnptnter
410 999 530 1078 animo
549 990 655 1100 infita
667 994 881 1110 persuadent
899 996 947 1098 ei,
974 1022 1019 1078 ne

91 1139 324 1233 temperanter
342 1146 384 1205 ne
402 1116 551 1225 reorent
565 1115 606 1228 se
617 1141 738 1229 gerat,
757 1116 825 1232 sed
837 1118 1020 1234 quampri-

92 1246 254 1346 rrum&
284 1242 360 1358 ipfit
383 1246 430 1347 ό
453 1246 583 1355 corpori
604 1242 839 1355 gratificetur.
893 1251 1018 1355 Cujus

90 1382 147 1477 rei
163 1375 342 1483 exempla
362 1371 606 1457 Alcibiadem
628 1380 667 1457 &
686 1375 857 1459 Critiam
880 1400 1021 1484 propo·

93 1506 178 1601 nit3
203 1495 281 1606 qai,
306 1491 481 1604 quandin
511 1520 589 1576 earn
611 1493 749 1579 Socrate
769 1493 1020 1609 versabantur,

92 1619 306 1734 cupiditates
318 1616 511 1728 inhoneslnr
522 1619 665 1703 uincere
674 1637 839 1730 poterant
852 1665 863 1722 5
893 1622 1022 1730 postea

91 1755 187 1837 verb
209 1752 248 1829 in
268 1749 396 1831 omnia
406 1747 481 1830 alia
495 1746 686 1830 abierunt.
742 1748 858 1830 Mens
876 1750 1023 1858 quippe

93 1876 225 1959 varios
241 1869 368 1953 induit
385 1863 516 1955 mores
533 1899 604 1984 pro
625 1869 773 1955 diversi
791 1898 1025 1981 organorum

29 2094 31 2097 ⁸
93 1997 337 2098 ,conditione3
362 1999 401 2079 in
420 2027 510 2110 quae
523 1996 735 2108 plurimitm
749 2000 852 2083 valet
865 1997 1024 2083 consue-

94 2125 219 2210 tudo:
250 2121 334 2208 ch
362 2118 485 2228 enim,
509 2152 598 2236 quae
628 2126 767 2210 acerba
801 2123 890 2208 ante
917 2123 1025 2208 vide.

97 2252 254 2350 bantur,
292 2245 378 2357 post
409 2249 585 2345 toleratu
618 2247 755 2352 facilia,
784 2259 823 2334 δι
851 2249 1050 2332 ηοηηυη-’

99 2401 218 2488 quam
243 2391 350 2479 grata
383 2380 423 2456 δι
453 2370 617 2478 jucunda
635 2374 805 2456 „tandem
839 2371 1025 2466 evadunt,

96 2495 274 2608 'tali'aque
308 2495 383 2576 fine
414 2498 557 2608 quibus
585 2500 648 2579 vix
667 2499 791 2580 beatis
816 2495 890 2581 elle
919 2498 1026 2579 licet.

100 2617 317 2717 Quomodo
348 2621 524 2727 proleotb
546 2619 704 2720 accidit,
730 2639 778 2704 ut
806 2625 875 2734 qui
903 2618 1030 2723 studiis

1084 304 1087 308 ,
1119 246 1187 365 41

96 2747 301 2832 literarum
321 2741 461 2843 alfidue
479 2771 547 2852 per
567 2745 695 2852 plures
714 2772 833 2834 annos
853 2766 1030 2828 mentem
1168 2762 1170 2767 '

98 2896 278 2956 exercere
301 2866 402 2952 soliti
417 2865 589 2969 fuerunt,
608 2867 721 2969 iidem
742 2867 767 2950 tr
785 2866 868 2976 ipsis
881 2871 1031 2953 incum-

99 2997 195 3079 bere
215 2997 410 3076 omittunt
433 3011 517 3077 tam
538 2993 634 3101 aegre¹
655 2995 758 3102 apud
780 2999 955 3079 animum
976 2993 1032 3075 fe·

102 3141 203 3222 tant,
245 3115 365 3230 quam
409 3117 462 3219 hi,
508 3122 576 3229 qui
612 3117 804 3202 laboribus
843 3121 1032 3227 corporeis

104 3243 284 3353 quotidie
310 3239 446 3326 affueti
470 3241 627 3324 eosdem
657 3245 964 3349 interrumpunt,
989 3268 1034 3336 ac

104 3366 267 3480 proinde
294 3370 331 3447 in
358 3365 514 3450 morbos
534 3369 747 3476 praecipites
766 3385 894 3448 ruunt.
949 3368 1036 3452 Imo
1087 3465 1091 3471 ,

107 3506 147 3578 .&
178 3520 289 3575 mens
321 3490 399 3601 ipsa
430 3490 646 3598 languidibs
680 3494 718 3573 in
747 3491 862 3572 rebus
893 3519 1038 3602 cogno-

104 3617 255 3701 scendis
286 3615 466 3718 versatur,
494 3645 621 3728 neque
651 3645 742 3715 cum
775 3617 883 3702 tanti
909 3622 1038 3704 alacri-

958 3765 1041 3839 tate
1100 3828 1108 3844 x
