2498 4358
115 185 183 309 28

430 190 509 299 De
529 188 778 303 Medicina
803 193 1012 304 Mentisss

253 371 400 461 fadum
427 376 639 487 pertinent,
665 372 802 486 scopus
833 375 952 489 prop&
979 373 1090 458 idem
1114 372 1187 470 est‚'

253 518 375 613 atque
392 526 546 600 eorum,
571 524 656 609 quar
668 499 720 582 ad
737 497 1021 609 distinguendos
1033 493 1187 606 sapores

255 640 344 734 apta
363 642 451 706 nata
474 617 574 703 sunt.
627 620 831 732 Siquidem
859 649 947 733 quae
970 639 1082 729 grata
1097 615 1185 702 sunt

237 742 437 830 ¹alimenta
455 739 676 855 dignoscere
694 763 781 828 tum
801 742 925 826 odore
942 763 1032 828 tum
1050 739 1185 853 sapore

254 868 361 963 licet.
413 865 535 975 Quod
549 862 729 977 ipsum&
746 891 887 950 munus
898 863 966 966 est,
976 867 1184 976 postquam

253 993 398 1104 ingesta
427 988 589 1090 fuerint,
629 988 844 1109 ventriculo¹
869 983 1182 1086 inservientibus

255 1113 400 1227 quibus
414 1111 641 1224 frequenter
660 1113 809 1220 ingrata
828 1106 929 1211 sunt,
956 1137 1044 1222 quae
1060 1109 1185 1204 odore

255 1263 301 1320 ac
329 1235 462 1354 sapore
480 1230 733 1321 oblectarunt.
787 1233 922 1345 Atque
940 1234 962 1329 ὲ
982 1236 1188 1337 contrario,

255 1362 387 1471 qualia
419 1366 459 1451 ἃ
491 1359 612 1443 odore
641 1354 785 1447 insuavi
808 1364 848 1451 δι
873 1355 1003 1470 sapore
1023 1353 1188 1453 minime

256 1502 372 1595 grato
391 1483 599 1582 donantur,
625 1508 831 1590 neruorum
846 1479 960 1565 fibras
973 1480 1023 1566 ad
1041 1483 1188 1589 ventrif'

257 1607 391 1694 culum
405 1608 491 1692 sitas
504 1606 732 1692 demulcent
744 1647 755 1704 ς
783 1602 1001 1710 cujusmodi
1019 1601 1187 1692 suntab·

255 1730 388 1817 finthia
417 1733 598 1844 parvulis,
622 1759 709 1843 quae
738 1735 860 1814 Poeta
881 1729 975 1814 ideo
991 1748 1097 1815 tetra
1116 1759 1186 1817 no-

256 1860 393 1943 minat.
446 1861 489 1942 In
517 1855 621 1942 hunc
649 1853 815 1939 modum
853 1882 992 1966 organa
1031 1853 1186 1939 fibimet

215 2046 220 2056 .
256 1978 401 2088 opponi
419 1975 614 2079 videntur,
632 1975 788 2089 aliique
806 1976 972 2063 aliorum
988 1978 1186 2089 impeturn

256 2098 438 2182 inhibere.
494 2107 588 2200 Quo
608 2098 669 2201 fit,
695 2119 742 2184 ut
762 2099 931 2186 aliorum
949 2095 1124 2185 officium
1141 2099 1188 2186 fit

256 2226 417 2329 irritare,
451 2222 547 2308 dum
594 2221 668 2306 alia
712 2247 829 2331 penes
875 2222 922 2307 stt
956 2227 1189 2335 'reprimere'

256 2343 609 2441 Quemadmodum
647 2373 694 2428 ex
724 2341 841 2427 nimii
871 2342 1080 2456 voluptate
1107 2348 1188 2450 lam

258 2493 356 2579 guor
378 2462 553 2567 sentitur,
580 2471 770 2582 quoniam
787 2471 1030 2552 irritamenta
1048 2469 1187 2583 volup

256 2611 386 2677 tatum
413 2586 591 2676 inaturai
622 2594 817 2704 appetitui
850 2589 1046 2701 explendo
1075 2591 1188 2677 desti..

258 2734 410 2816 nantur,
436 2740 521 2826 quo
548 2712 637 2796 dein
663 2711 799 2797 satiato
824 2715 880 2799 nil
896 2712 962 2797 nisa
980 2717 1036 2797 vis
1054 2717 1188 2821 postea

256 2831 433 2923 infertur·
489 2842 546 2919 Eo
564 2833 709 2919 scilicet
728 2835 852 2935 modo
871 2863 1013 2948 organa
1024 2837 1075 2929 ad
1094 2843 1189 2925 veni

257 2956 445 3043 triculum
473 2954 552 3059 fita,
578 2984 665 3069 quae
698 2958 946 3070 voluptatem
979 2956 1106 3074 usque
1136 2957 1188 3061 ad

256 3079 476 3168 satietatem
497 3100 761 3192 perceperant,
786 3081 925 3188 exinde
942 3080 1140 3176 nauseant,
1159 3071 1189 3091 ⁶*

83 3373 208 3434 nanta·
313 3330 452 3443 Atque
473 3330 529 3411 ita
555 3326 652 3411 dum
678 3327 741 3413 hic
759 3327 965 3417 nauseandi
991 3329 1119 3418 sensus
1145 3333 1186 3416 ῑη

82 3553 133 3597 ma

81 3451 204 3551 ursano·
258 3472 435 3536 mentem
457 3470 674 3553 revocatur,
702 3452 929 3561 prohibetur
953 3455 1089 3539 abhinc
1116 3480 1182 3567 ap·

256 3579 416 3688 petitus.
469 3568 549 3670 Qui
568 3573 790 3688 frequenter
816 3579 962 3679 evenit,
987 3598 1036 3664 ut
1053 3575 1075 3658 d
1095 3603 1184 3677 ctaf

256 3693 346 3813 puli
374 3694 482 3780 idem
513 3695 688 3781 alimenti
715 3692 852 3809 genus,
877 3726 925 3784 ex
943 3727 1025 3813 quo
1050 3700 1183 3811 quivis

1024 3848 1180 3926 nicom-3
