2498 4358
263 236 339 366 De
369 233 622 367 Medicina
648 240 848 375 Mentis.
1089 269 1159 388 75

71 540 337 640 Desrderia
357 544 561 740 pridem
541 573 564 628 a
584 545 720 642 natura
740 546 1014 658 proficiscentur
1037 528 1181 672 ιιιιιιι

81 659 224 746 finibus
262 681 362 768 ungu
393 686 423 742 ts
462 657 705 763 clauduntur,
745 686 874 772 neque
913 662 1016 744 ultra
1040 693 1078 756 no
1103 696 1194 772 acque·

84 778 202 891 hosce
235 799 410 891 mentem
447 806 634 876 exacuere
662 780 938 885 consuerunt,
978 805 1018 867 ιι
1034 776 1061 856 s
1049 786 1092 834 Μ
1104 793 1168 832 ⁰⁶¹⁶

84 933 174 1020 quae
193 932 241 990 ex
274 907 317 1010 ijs
347 923 611 1016 procreantur,
631 932 703 988 nec
725 933 903 1011 numero,
932 916 1086 1018 gru-¹

87 1032 144 1129 du
158 1027 330 1114 moddve
347 1026 546 1115 finiuntur.
602 1033 803 1130 Quoniam
831 1029 924 1116 vero
940 1059 1018 1134 non

84 1151 283 1263 insolitum
313 1146 366 1237 est
397 1156 547 1263 propria
568 1156 690 1254 cuivis
721 1153 904 1244 defideria
931 1183 1016 1239 mo-

85 1277 185 1391 dulo
202 1277 363 1376 aliorum
381 1279 528 1378 metiri,
555 1305 682 1392 neque
700 1299 825 1361 metas
842 1277 925 1390 ipsis
943 1281 1016 1363 sta·

83 1421 198 1505 tuere
225 1402 379 1521 pliasab
395 1399 616 1515 hisce,quas
635 1408 719 1488 noti
745 1424 866 1517 atque
888 1432 1017 1518 aequa·
1122 1434 1124 1439 ·

83 1526 144 1609 les
164 1524 297 1641 cotim
317 1527 485 1636 erigunt,
510 1525 598 1613 hinc
616 1555 759 1610 novum
780 1528 950 1611 exoritur
970 1555 1019 1608 ιι-

84 1650 263 1761 molendi
293 1648 538 1736 desiderium.
592 1648 702 1735 Nihil
728 1649 813 1749 sane*
831 1649 1018 1734 humanas

86 1795 256 1881 mentes,
281 1778 485 1889 postquam
498 1778 537 1859 in
564 1782 765 1862 arctiorem
791 1775 1018 1860 societatem

87 1903 307 2024 deventum
322 1898 413 2004 fuit,
439 1901 704 1988 vehementius
717 1902 883 2006 suscitat,
896 1899 1018 2016 quim

84 2028 315 2134 aemulatio;
344 2025 558 2142 nihilaequess
596 2028 644 2111 ad
684 2030 835 2140 ingenia
856 2028 1020 2113 eliman·
1217 2066 1222 2076 ’

84 2151 135 2262 da
156 2149 329 2263 prodesse
348 2148 502 2236 solitum
518 2152 587 2235 est.
612 2249 614 2253 ,
642 2152 702 2237 Ac
734 2173 939 2264 propterea
959 2156 1018 2236 vi-

86 2275 229 2385 demus
250 2304 501 2360 communem
529 2273 646 2362 seculi
667 2276 848 2388 cujusque
867 2275 1020 2368 sensum-

86 2398 251 2508 exaltari
297 2399 362 2508 vel
400 2398 565 2510 deprimi
608 2425 680 2508 pro
716 2398 1018 2514 exemplaribus,

87 2525 216 2636 qualia
271 2522 442 2607 aemulari
469 2543 564 2610 tunc
600 2526 786 2636 temporis
832 2529 869 2608 in
908 2554 1019 2611 more

85 2647 166 2761 pos
151 2669 254 2732 tum
273 2665 373 2748 erat,
396 2644 531 2732 utrum
553 2646 632 2731 haec
650 2645 724 2756 ipsa
745 2647 847 2732 claro
866 2675 1020 2762 germa-

85 2803 143 2880 nae
151 2774 294 2885 gloriae
329 2771 530 2886 splendore
549 2777 772 2876 enituerint,
800 2778 864 2859 vel
886 2778 1018 2891 qualia

85 2885 325 2983 barbaries
315 2924 355 2985 tn
374 2899 515 2981 locum
529 2925 665 2982 eorum
684 2892 888 2982 suffecerit.
950 2899 1023 2992 Nil

86 3029 207 3136 igitur
220 3025 379 3125 miri,r
354 3022 379 3106 fi
410 3022 611 3136 scriptores
631 3025 700 3106 aevi
733 3026 835 3133 apud
858 3029 1021 3111 Latinos

89 3145 289 3260 puriffimi,
319 3149 386 3260 qui
415 3151 513 3231 inter
530 3143 700 3258 ipsorum
731 3145 901 3230 clolircos
921 3149 1022 3230 cele·

88 3271 247 3373 berrimi
278 3268 385 3357 fudre
413 3269 551 3373 habiti,
579 3270 698 3382 prope
719 3273 951 3356 convictores
967 3271 1022 3357 es-

89 3393 171 3481 sent
195 3399 306 3492 :Qui
328 3393 427 3496 land,
447 3394 545 3478 dum
560 3415 737 3478 recentes
753 3397 956 3481 Ciceronis
984 3401 1021 3483 in

93 3542 224 3604 mente
240 3523 373 3605 laudes
389 3521 731 3634 tenebant,atque
722 3552 760 3606 ιιι
775 3519 929 3608 Caesaris
944 3520 1027 3611 suc·

95 3644 364 3780 pedentisque
357 3646 485 3775 eidem
500 3643 587 3782 aulo
607 3645 865 3778 perlabuntur,
899 3676 949 3729 eo
935 3645 1026 3731 ul·

949 3793 1026 3886 que
1078 3852 1080 3855 ,
