2498 4358
112 318 214 458 164
413 318 494 428 De
524 315 781 429 Medicina
806 322 1010 433 Mentis.

244 523 382 603 erunt;
411 505 479 587 ubi
513 504 740 614 frequenter
770 500 917 597 evenit,
942 518 992 583 ut
1012 497 1187 584 alterum

243 631 485 743 perspectum
514 628 572 729 sit,
596 629 767 709 alterurn
800 620 894 705 vero
928 651 1007 708 non
1037 624 1106 709 nili
1134 614 1189 709 de

242 755 341 841 facie
375 776 532 840 notum.
583 750 704 849 Quali
734 747 861 833 modo
896 752 962 833 vix
995 751 1189 863 cuiquem

246 879 313 965 nifi
332 876 419 964 casu
437 907 525 965 vera
541 872 714 989 proferre
734 876 938 985 contingit.
994 874 1129 989 Atqui
1140 875 1190 959 il-

248 1002 318 1090 lud
340 1031 473 1103 omne,
500 1002 610 1114 quod
645 1027 722 1080 non
751 995 836 1078 satis
857 997 992 1107 aperte
1014 1001 1058 1080 in
1079 1020 1189 1083 utto·

249 1128 307 1207 vis
321 1125 566 1232 intelligitur,
584 1123 703 1204 errori
725 1118 903 1203 natalitia
923 1120 1004 1204 dat.
1063 1114 1189 1217 Quod

249 1247 481 1331 srmemoria
497 1253 534 1332 in
554 1276 595 1330 re
613 1242 756 1356 quivis
774 1237 902 1346 fallat,
925 1273 1034 1328 error
1047 1242 1191 1327 exinde

250 1373 290 1452 in
326 1370 554 1454 sententiam
594 1369 748 1474 irrepit;
778 1369 939 1476 perinde
977 1371 1084 1451 enim
1121 1368 1193 1469 est,

251 1526 330 1581 non
344 1491 522 1579 accurate
535 1493 575 1574 in
588 1486 780 1574 memorii
793 1489 913 1575 fitum
929 1490 1026 1596 elle,
1050 1522 1095 1579 ac
1112 1519 1191 1581 non

251 1621 373 1733 probe
409 1637 641 1730 perceptum
661 1610 784 1700 fuille.
840 1620 1029 1729 Denique
1047 1617 1076 1702 li
1095 1624 1191 1703 ima·

249 1748 358 1857 gines
376 1739 492 1854 prave
511 1736 726 1825 formentur
747 1769 879 1825 terum
898 1739 1072 1851 ipsarum
1091 1738 1191 1827 diffi-

249 1868 378 1967 miles,
388 1862 567 1977 qua'eque
580 1863 777 1947 coloribus
797 1867 932 1949 alienis
952 1862 1192 1971 inficiuntur,

249 2011 368 2100 atque
397 1985 553 2077 affectus
573 1991 692 2071 animi
720 1989 851 2101 potius
868 1991 1053 2079 redolent
1068 1988 1190 2107 quim

250 2114 365 2205 causae
386 2113 496 2226 ipsius
507 2116 789 2227 integritatem,
816 2115 871 2201 hae
892 2116 981 2203 sane
997 2120 1038 2203 in
1057 2138 1190 2230 partes

248 2240 331 2327 suas
349 2239 572 2349 frequenter
590 2237 759 2342 judicem
779 2239 996 2340 abducunt,
1023 2250 1065 2329 &
1079 2242 1191 2327 blau-

249 2367 352 2474 ditijs
374 2363 448 2448 luis
479 2393 524 2448 uc
547 2364 703 2449 utilium
724 2365 845 2449 lorltn
867 2365 990 2478 specie
1011 2396 1191 2456 corrum-

248 2512 361 2604 punt.

74 2794 119 2853 nx
132 2791 217 2851 „mm
303 2746 426 2854 Igitur
445 2772 513 2853 per
526 2764 605 2827 tres
618 2742 835 2824 nominatas
850 2741 1063 2835 facultates
1080 2778 1188 2835 error

70 2873 200 2971 tritulus¹
247 2871 286 2950 in
323 2868 419 2951 hanc
448 2868 570 2975 ipsum
601 2868 754 2965 labitur,
783 2870 849 2952 nisr
875 2874 923 2955 ab
953 2876 1032 2959 alii
1053 2872 1188 2991 aliqui·

66 2952 214 3094 lim.
249 3018 291 3079 re
308 2988 541 3102 precogniti
557 2991 683 3074 lucem
710 2992 903 3097 foenerari,
926 3001 1187 3114 eundemque

72 3138 202 3175 ‘mem
250 3117 298 3201 ab
331 3117 413 3228 iplis
454 3111 706 3199 transnrillum
736 3119 918 3225 castigare
952 3118 1090 3205 liceat.
1145 3129 1185 3209 lo

66 3199 225 3279 fastigatur.
248 3271 331 3356 quo
359 3242 519 3356 quidem
540 3241 753 3348 corrigendi
774 3240 1184 3350 negotiolapientium

247 3374 498 3480 antiquorum
519 3365 640 3450 lludia
660 3367 780 3448 literis
800 3364 1033 3476 consignata,
1063 3394 1183 3482 atque

245 3492 269 3575 i
289 3493 536 3603 sequentibus
553 3490 738 3589 eruditis,
766 3516 833 3599 per
852 3516 1028 3599 quorum
1052 3522 1182 3581 manus

245 3614 295 3695 ad
330 3644 400 3699 nos
432 3619 688 3712 devenerunt,
716 3613 880 3722 probata
908 3614 1107 3724 inligniter
1129 3620 1183 3719 ju·

245 3755 349 3842 irunt.
405 3742 469 3824 Ut
485 3756 618 3841 autent
638 3735 823 3845 exemplo
842 3764 889 3821 ex
904 3738 1182 3822 Astronomicis

1054 3884 1178 3974 petrto
