2498 4358
106 245 178 380 46
334 194 340 204 ,
404 231 486 342 Dc
511 223 768 344 Medicina
793 231 992 343 Mentis.

246 424 473 530 voluptates
500 423 533 502 is
560 409 628 518 est,
663 436 711 501 ut
740 440 878 531 corpus
905 425 944 502 in
975 425 1192 532 procerita:

245 571 334 632 tem
369 545 568 646 evehatur,
593 543 755 652 perinde
781 565 902 655 atque
930 545 1048 631 robur
1066 547 1188 634 adau-

244 691 401 786 geatur.
455 669 555 752 Hinc
583 669 690 778 pueri
717 667 820 751 ludis
846 668 962 779 varijs¹
975 671 1024 754 ad
1045 669 1190 783 fatiga-

246 803 400 882 tionem
439 796 575 905 agitati
613 793 806 896 letantur,
832 820 934 906 quos
966 793 1185 906 plurimum

246 927 378 1028 juvant
398 913 711 1030 quaquaversum
733 919 968 1021 jactationes.
1021 925 1184 1032 Quippe

248 1044 393 1155 quibus
427 1044 607 1127 tramites
634 1040 683 1123 ad
710 1041 989 1128 alimentorum
1016 1044 1184 1130 faculta-

247 1188 310 1250 tes
329 1163 648 1251 intromittendas
666 1163 949 1276 adaperiuntur,
969 1166 1183 1282 tubulique

249 1287 483 1377 minutiffrmi
524 1288 716 1399 paulatim
755 1291 1020 1394 evolvuntur,
1064 1311 1183 1408 atque

246 1417 507 1502 extenduntur
534 1437 582 1499 ut
609 1414 659 1499 ad
678 1412 834 1502 debitos
852 1417 976 1531 usque
996 1421 1183 1505 terminos

241 1541 413 1648 jucunde
433 1542 684 1653 amplientur.

67 1836 178 1931 Quare
302 1827 481 1908 Durante
508 1821 581 1903 hoc
610 1824 680 1904 aevi
711 1818 831 1933 spatio
853 1814 1044 1904 memoria
1063 1811 1182 1909 maxi-

63 1939 134 2086 ἶξζ
142 1942 212 2087 ἵζ’,
248 1941 313 2027 me
341 1949 463 2054 viget,
489 1952 528 2028 &
548 1972 636 2056 quae
656 1945 942 2056 conrpledtitur,
957 1944 1038 2028 haec
1055 1944 1180 2058 usqne

67 2091 223 2147 rancura·
247 2072 296 2154 ad
322 2067 422 2154 seros
449 2067 580 2150 eidenr
605 2095 725 2149 annos
744 2067 899 2153 harene
961 2066 1083 2164 Quod
1108 2072 1182 2180 igi-

32 2173 211 2327 '22ng
244 2213 310 2276 tur
344 2193 432 2274 vitae
480 2208 639 2299 tempus
680 2185 831 2296 singulis
866 2197 998 2272 'rerum
1030 2195 1181 2301 generi-

61 2329 160 2410 fontes·
245 2321 316 2401 bus
341 2311 635 2426 nominibr'rsque
663 2312 905 2397 addiscendis
925 2315 1043 2401 dicari
1069 2317 1179 2404 solet.

244 2440 386 2540 Qualia
423 2438 588 2549 quidem
619 2437 764 2522 facilins
805 2434 888 2522 fere
928 2458 1055 2545 tenet,
1094 2447 1178 2558 qud

244 2563 402 2650 alacriirs
420 2561 467 2647 ad
483 2562 701 2648 ludendum
722 2559 759 2645 se
778 2565 959 2672 accingit,
984 2571 1022 2649 dc
1043 2566 1181 2678 volup·-

244 2711 371 2773 tatem
410 2689 552 2773 exinde
591 2686 758 2771 vividins
791 2685 919 2788 sentit,
953 2688 1178 2802 avidir'rsque

245 2817 439 2926 percipere
467 2813 609 2894 studet.⁴
676 2815 795 2895 Nunc
829 2814 948 2894 animi
977 2813 1096 2898 dotes
1122 2811 1182 2900 su-

243 2938 401 3043 perioris
433 2934 579 3027 ordinis
613 2933 689 3015 sese
722 2933 938 3046 spectandas
968 2938 1178 3047 pandunt3

103 3076 106 3083 '
244 3061 429 3168 imagines
464 3085 571 3142 novae
606 3057 653 3139 ad
693 3056 989 3142 fimilitudinem
1026 3089 1180 3165 earum,

243 3211 332 3297 quae
357 3179 493 3267 vifibus
521 3183 676 3291 objedae
708 3180 810 3285 sunt,
835 3178 962 3268 efficiat
991 3184 1179 3298 conspici·

243 3327 378 3406 untur,
403 3303 612 3417 aemulique
639 3334 776 3391 eorum
809 3337 909 3421 quos
930 3308 1041 3394 audit
1064 3309 1179 3396 sono·-

242 3459 329 3513 rum
382 3435 465 3512 toni
505 3433 739 3546 nroduiique
781 3453 1008 3534 tentantur,
1057 3455 1178 3549 atque

243 3560 387 3660 omnia,
408 3587 492 3670 quae
514 3562 697 3644 coaetanei
719 3579 787 3644 aut
807 3561 937 3670 potiris
958 3559 1035 3647 sese
1055 3561 1183 3672 panici

1051 3690 1175 3820 man*

1177 3826 1205 3858 a
