2498 4358
113 193 219 338 316
414 185 495 297 De
525 180 777 299 Medicam
809 183 1012 323 Mentis.

245 406 338 467 cum
367 375 547 463 libertate
579 371 716 463 versati
748 397 932 492 nequeat.
987 383 1102 466 Tam
1119 408 1191 469 vas

244 509 301 592 ria
334 508 480 622 quippe
515 530 560 587 ac
596 501 810 613 multiplex
844 505 899 588 est
940 507 1192 618 quarundam

247 658 380 716 rerum
421 628 696 739 rationumque
736 626 788 711 ad
824 655 890 711 eas
930 628 1193 740 speoantium

248 772 399 852 natura,
426 771 489 852 ut,
514 749 616 836 haud
645 748 750 835 secius
783 777 829 834 ac
858 751 1073 863 labyrinthi
1090 758 1193 863 ostia

248 897 370 991 atque
407 871 609 984 ambages,
666 876 857 986 aperturis
894 874 1029 987 paffim
1072 884 1193 973 ‚novis

248 1025 414 1084 numero
433 995 649 1082 carentibus
672 996 751 1081 huc
769 997 865 1082 illuc
884 1017 1065 1084 mentem
1098 1031 1193 1090 avo·

249 1141 364 1221 cent;
401 1146 575 1231 quorum
600 1122 748 1222 omnia,
773 1124 936 1209 unicum
968 1121 996 1206 fi
1023 1129 1193 1239 excipias

246 1247 321 1331 iter
338 1249 505 1346 reolum,
530 1241 665 1327 alveto
682 1240 915 1331 deflectunt.

74 1542 115 1600 Ε,
127 1541 225 1601 m
305 1500 493 1579 Praeterea
535 1493 760 1604 imperatrix
790 1486 1018 1603 frequenter
1049 1497 1190 1604 praeiu-

70 1619 221 1721 [ocupa-
251 1615 360 1724 dicijs
393 1614 496 1700 adeo
524 1634 754 1728 occupatur,
788 1617 1026 1726 angustatur,
1066 1635 1191 1730 atque

70 1705 186 1782 '⁸¹⁸⁸‘
251 1741 302 1827 ad
335 1741 475 1826 eadem
513 1739 617 1854 quali
653 1739 851 1850 religatur,
888 1758 938 1824 ut
968 1738 1110 1826 dehinc
1143 1743 1191 1827 li·

249 1863 379 1949 bertas
415 1863 463 1948 ab
496 1858 599 1947 hisce
625 1865 700 1947 alia
732 1861 954 1947 meditandi
979 1863 1193 1956 adimatur.

248 1984 464 2091 Praejudicia
500 1988 649 2098 quippe
669 1984 919 2096 'respondent
942 1984 1061 2069 ‚malo
1101 2013 1189 2078 cor.

250 2118 355 2227 poris
385 2113 546 2217 habitui,
585 2140 634 2198 ex
666 2141 749 2224 quo
784 2113 1033 2199 imbecillitas
1070 2114 1191 2200 liber.

168 2236 172 2245 ’
250 2261 379 2326 tatem
420 2237 606 2351 praecidit.
670 2245 758 2325 Hoc
799 2259 936 2326 autem
977 2238 1068 2326 casu
1102 2269 1189 2353 cap-

250 2367 330 2449 tiva
366 2363 444 2448 hac
484 2360 650 2448 facultas
690 2363 833 2452 seruire
866 2363 937 2468 his,
982 2392 1073 2476 quae
1111 2367 1187 2469 iam

249 2483 506 2595 occuparunt,
532 2493 639 2571 &ex
669 2486 746 2571 illis
779 2489 909 2573 omnia
942 2487 1075 2571 eidem
1105 2483 1189 2571 suu

249 2613 345 2719 ieela
377 2612 560 2694 aestimare
592 2605 715 2720 prope*
747 2608 912 2718 cogitur.
967 2613 1065 2713 Quo
1103 2610 1187 2719 qui·

251 2732 345 2815 dem
384 2731 662 2834 animadverso,
706 2728 915 2843 philosophi
953 2733 994 2814 in
1033 2732 1187 2816 liberta-

250 2875 337 2937 tem
367 2854 644 2968 discipulorum
681 2852 839 2940 suonam
876 2876 1033 2942 mentes
1062 2857 1186 2942 vindi·

181 3057 186 3072 ‚
248 3006 338 3063 care
376 2976 530 3090 aggreffi
570 2976 672 3080 sunt,
723 2977 965 3090 omn'emque
1004 2983 1185 3092 anticipa-

249 3111 402 3190 tionem
447 3108 501 3187 rei
537 3103 695 3207 cujusvis
729 3105 779 3188 ab
810 3107 855 3209 ijs
887 3132 1092 3205 amovete3
1135 3121 1186 3187 ut
1222 3204 1224 3208 Α

250 3231 308 3315 hae
335 3251 521 3343 tanquam
542 3229 686 3315 tabula
716 3225 806 3314 rasae
824 3229 1048 3314 evaderent.
1100 3231 1187 3317 Ne.

251 3383 330 3464 que
356 3352 439 3440 sane
471 3354 609 3437 liberas
641 3347 716 3436 effe
747 3348 898 3436 easdem
932 3366 1186 3463 agnoverunt,

251 3503 339 3586 qua
357 3480 530 3585 opinioni
558 3480 678 3561 cuivis
709 3472 893 3560 allenium
930 3478 1186 3587 praebuerant,

238 3601 316 3691 ‚cui
347 3609 446 3686 reeta
477 3605 579 3687 ratio
612 3626 690 3685 non
721 3593 870 3709 prorsus
902 3601 1203 3717 astipularetup

1091 3725 1185 3807 Hinc
