2498 4358
101 211 207 336 170
412 183 495 299 De
511 176 764 298 Medicina
786 182 987 302 Mentis.

230 375 265 458 ri
296 375 457 463 fimilior
485 391 663 491 apparet,
688 391 807 484 prout
838 374 947 483 fuam
973 369 1087 488 ipiiua
1105 390 1176 461 ιιι·

232 521 362 588 turam
386 500 556 612 apertius
580 526 658 613 prae
676 496 715 581 se
733 496 891 602 feru&
850 486 1066 621 &dationi
1081 498 1181 587 luet

233 631 355 737 judici
372 624 558 727 offertum
582 626 653 711 ubi
670 644 803 710 tamen
817 624 958 709 eadem
975 602 1055 715 tion
1074 624 1179 729 adeo

236 751 380 838 diserte
403 753 648 864 exptinutur,
673 766 723 833 ut
752 769 943 863 tauquam
961 774 1098 833 veram
1121 748 1180 836 se-

237 878 333 964 cure
360 874 618 988 amplectaris.
670 877 717 958 ln
743 868 846 956 hisce
866 869 1040 960 versatus
1059 874 1180 983 judex

236 1001 400 1088 acutiam
427 1027 582 1084 cernere
602 998 737 1102 debet,
761 997 972 1112 quousque
992 996 1094 1084 fides
1110 1001 1181 1087 ad·

236 1124 405 1209 hibenda
429 1124 499 1225 eii,
524 1130 564 1208 u
592 1142 792 1234 quatenus
824 1120 992 1233 speciem
1020 1125 1081 1207 tei
1097 1150 1181 1210 non

235 1249 349 1362 ipsius
374 1268 555 1333 naturam
587 1246 726 1331 induit.
780 1250 978 1360 Deceptio
996 1249 1112 1331 enim
1130 1274 1181 1336 ex

236 1368 296 1453 his
326 1374 418 1456 oriri
437 1367 651 1473 consuevit,
677 1397 765 1480 quae
784 1376 960 1483 proxima
976 1367 1057 1455 effe
1076 1375 1187 1457 vetis·

236 1495 510 1579 monstrnnmr.
563 1497 708 1604 Neque
759 1492 845 1581 sane
890 1497 988 1579 circa
1022 1493 1185 1607 prorsus¹

238 1613 430 1702 diffimilia
446 1616 531 1701 falli
548 1616 739 1731 quispiam
754 1613 869 1719 solet,
892 1646 967 1714 nec
985 1615 1068 1703 fine
1086 1642 1185 1703 caue·

238 1737 280 1823 si
306 1737 396 1824 dati
423 1767 543 1851 quare
569 1739 674 1824 aliud
701 1767 771 1850 pro
794 1739 873 1822 alio
894 1739 1025 1824 habeti
1040 1757 1181 1854 queat.

237 1869 493 1973 Quapropter
519 1863 770 1945 hallucinatio
789 1867 983 1972 contingit
1000 1866 1042 1945 in
1061 1863 1183 1950 rebus

237 1980 457 2089 subtilibus,
482 2013 569 2097 quae
584 1986 670 2068 solis
688 1985 865 2071 curiofius
882 1984 1181 2097 inspicientibus

240 2105 396 2192 divetiae
413 2105 438 2190 ai
457 2100 676 2206 seinvicem
696 2107 958 2197 secernuntur.

69 2409 125 2471 Ε
124 2420 189 2468 m,
296 2359 496 2455 Quoniam
523 2374 659 2441 autem
679 2377 856 2445 naturam
873 2387 1003 2444 rerum
1024 2355 1180 2472 preffius

68 2504 169 2632 tetrae
165 2493 226 2568 ιιι·
241 2475 453 2592 insequitur
484 2480 611 2586 iudex,
644 2500 692 2566 ut
725 2484 909 2595 qualisi
884 2483 928 2566 fit
959 2481 1182 2594 dignoscat,

124 2592 392 2701 m'facilius
412 2605 463 2691 ab
480 2603 619 2689 eadem
639 2604 859 2708 abducitur,
886 2604 1179 2721 nifi‚1quaipsae

240 2731 471 2838 tempestate
506 2731 677 2831 veniunt,
704 2727 832 2828 norit3
860 2736 900 2815 δι
933 2731 1099 2840 quando
1130 2731 1182 2817 ad

242 2853 512 2933 maturitatem
543 2859 816 2961 exurgunt‚&
850 2850 1079 2964 quamcito
1101 2855 1179 2940 haec

234 2972 450 3082 tempestas
482 2971 679 3056 tranfitura
712 2976 779 3076 est,
819 2975 847 3062 st
881 2978 981 3058 intra
1021 2977 1179 3062 debitos

241 3099 432 3204 temporis
483 3098 670 3180 terminos
727 3126 803 3183 non
855 3097 1178 3206 apprehendatur.

239 3224 333 3304 Haec
352 3224 497 3332 quippe
516 3222 794 3333 tempestatum
815 3226 987 3333 cognitio
1008 3225 1176 3338 idipsum

242 3350 309 3448 est,
335 3346 445 3459 quod
464 3347 600 3456 agendi
628 3346 854 3430 facultatem
873 3350 984 3458 regit,
1013 3349 1177 3462 singuli·

243 3497 323 3577 que
349 3500 466 3580 opera
499 3468 699 3570 tractandi,
724 3469 924 3581 inquibus
945 3471 1175 3557 sententiam

241 3591 517 3700 praecipitando
537 3587 763 3704 frequenter
784 3592 927 3677 occafio
942 3594 1100 3677 errandi
1111 3593 1175 3677 da·

242 3731 317 3801 tur.
371 3720 610 3829 Quanquam
624 3717 729 3801 enim
744 3718 782 3801 iu
798 3721 963 3827 negotiis
978 3714 1024 3809 sat
1036 3721 1175 3831 aliquis

987 3844 1176 3956 temporis
