2498 4358
253 179 334 336 Da
355 215 606 337 Medicina
631 208 832 330 Mentis.-
918 249 921 257 ·
982 143 984 146 ⁴
1047 185 1175 358 337·

85 418 167 505 tem
188 413 375 518 nonnulla
402 412 681 512 inveniuntur.
723 402 813 504 Qua
832 386 916 490 lani
935 403 1018 515 ple

81 540 166 626 nius
191 534 352 650 cognita
380 531 543 618 medicis
564 532 701 615 liceret
719 532 864 614 amicos
881 523 1017 614 saltem

81 661 300 748 incolumes
335 660 521 774 praestare,
578 652 725 768 eosque
757 679 911 755 omnes,
947 648 1020 769 qui

84 783 229 896 fingula
253 786 337 897 ipfi's
358 780 621 885 minutissima,
646 809 732 894 quae
746 780 795 864 ad
815 775 1020 866 sanitatem

85 908 266 1022 spectant,
291 913 439 1023 aperire
460 909 594 995 velint.
650 907 720 992 Α
710 907 884 1015 minutijs
903 906 1021 1021 quip-

87 1065 136 1151 pe
151 1037 361 1130 istiusmodi
380 1037 544 1150 cognitis
561 1053 608 1120 ut
625 1033 840 1144 plurimum
862 1030 1025 1145 pendet‚'

88 1149 201 1272 quod
218 1161 361 1246 medici
386 1159 490 1274 apud
511 1159 606 1244 alios
623 1158 825 1244 felicissimi
843 1181 1025 1268 operum,

91 1283 203 1394 apud·
229 1286 324 1371 alios
357 1284 466 1396 aeque
498 1285 815 1396 obtemperantes
834 1281 938 1366 haud
967 1286 1024 1367 ita

90 1405 222 1491 felices
246 1427 444 1495 notantur.

149 1665 216 1749 Ut
253 1659 433 1771 sagacitas
477 1678 685 1772 propterea
728 1655 922 1744 laudanda
957 1661 1026 1764 est,
1044 1696 1147 1755 mm

94 1784 204 1900 quod
224 1811 354 1869 rerum
374 1785 525 1894 vestigia
550 1811 626 1867 non
647 1784 837 1869 inutiliter
849 1804 1027 1896 premat3
1045 1778 1179 1919 ’Ἥ

95 1909 142 1995 fic
170 1907 272 1992 male
291 1907 366 1992 fida
394 1906 627 1993 indiciorum
656 1907 867 1993 declaratio
899 1910 1029 1994 eidem
1044 1860 1096 1943 M

96 2036 195 2121 vitio
215 2035 403 2117 vertitur:
432 2038 531 2127 Quae
557 2031 720 2142 quidem
747 2061 794 2117 ex
818 2035 900 2115 veri
932 2031 1031 2115 indi-

98 2184 189 2241 cum
218 2156 458 2264 praeproperi
477 2175 524 2236 ut
551 2155 765 2263 plurimum
793 2156 1031 2265 prensatione

98 2282 219 2364 oritur
232 2319 244 2377 3
287 2275 389 2361 unde
419 2278 609 2359 mentitos
641 2280 721 2360 veri
753 2279 919 2383 colores,
958 2309 1029 2393 pro

99 2399 211 2513 ipsus
245 2395 435 2486 indicibus
466 2391 633 2501 assumit,
672 2400 823 2484 etiamfi
855 2403 1032 2488 nondum

100 2521 265 2608 allecuta
298 2519 430 2606 fuerit.
483 2525 573 2604 Nec
594 2520 780 2609 abfimile
807 2525 962 2610 videtur
990 2527 1032 2609 id

100 2651 184 2754 vitij
215 2645 370 2730 canibus
399 2641 631 2763 quibusdam
662 2651 842 2754 venaticis
860 2654 1034 2763 imputa-

101 2790 207 2873 tum,
233 2771 303 2882 qui
334 2766 461 2854 veluti
495 2768 659 2854 odorem
686 2772 841 2858 naribus
876 2775 1038 2885 prehen-

104 2895 241 2982 dentes
263 2893 366 2978 claro
384 2896 519 2980 omnia
539 2893 695 2982 ululatu
727 2897 938 3010 complent,
965 2929 1037 2986 nec

104 3038 236 3104 tamen
260 3015 363 3127 quafi
381 3041 470 3099 vera
494 3015 751 3106 indicantibus
769 3021 882 3108 turba
901 3025 1038 3110 credit·
1154 3027 1157 3037 ’

104 3141 225 3236 Quod
253 3137 414 3252 quidem
448 3135 545 3247 saepe
566 3142 961 3253 inexpertisaccidit3
992 3177 1037 3233 ac

107 3261 315 3350 nonnullos
334 3263 455 3344 etiam
481 3266 539 3343 vis
569 3265 658 3345 talis
690 3265 845 3350 videtur
876 3265 1039 3354 deficere

77 3423 80 3429 ·
108 3409 267 3497 propter
285 3405 476 3485 naturam,
502 3386 598 3468 alios
625 3389 748 3471 etiam
768 3411 927 3502 propter
945 3422 1040 3480 con·

110 3513 265 3599 suetum
282 3509 444 3624 aliquod
464 3509 615 3594 vivendi
644 3536 780 3621 genua,
805 3515 922 3628 quale
944 3514 1040 3626 ejus7

109 3634 200 3720 dem
219 3643 438 3746 potentiam
457 3641 675 3748 imminuat.

863 3877 1036 4004 Aietius
