2498 4358
97 189 164 310 88
393 208 473 318 Dr
498 204 746 323 Medicina
769 201 967 324 Mentis.

228 387 354 470 Otum
397 380 473 469 else
511 387 575 470 vel
626 384 811 472 audacem
844 378 1055 500 Epialtam‚
1085 389 1161 500 qu'i

226 508 367 592 robore
392 505 462 591 suo
480 503 572 590 freti
610 529 766 592 montes
802 511 1000 594 montibus
1031 516 1160 619 impo-

229 627 363 727 sudre3
404 623 564 738 Dillque
602 625 745 712 adversa
782 627 918 731 fudre3
946 631 1156 745 Negabant

231 748 306 835 eise
325 753 495 860 Tityum
521 767 718 860 raptorem
741 759 939 864 magno&
959 749 1157 837 invenusto

194 964 197 968 Δ
234 896 434 980 corpore:
490 868 742 956 Verecundus
783 867 952 987 quippe,'
968 899 1047 958 non
1099 872 1158 956 fe-

234 1023 307 1079 rox
327 1014 392 1076 aut
420 995 600 1076 immanis
630 991 777 1104 Jalonis
821 997 966 1080 vultus.
1018 995 1159 1092 Quali-

234 1135 296 1200 ter
327 1115 418 1199 dein
455 1142 566 1199 mens
585 1112 748 1199 habebat
781 1145 829 1202 ex
846 1114 1022 1230 responso
1045 1115 1158 1229 ipfius

235 1259 358 1350 patet,
384 1239 451 1351 qui
473 1239 598 1347 aperit
631 1240 763 1319 omnia
783 1237 832 1319 ad
865 1236 902 1319 se
929 1241 1167 1349 pertinentia

233 1360 399 1448 minimi
443 1361 570 1445 verbis
609 1359 776 1472 gloriam
822 1363 971 1466 jactans,
1014 1383 1157 1475 utpote

214 1541 217 1548 ·
236 1489 305 1602 qui
322 1485 609 1597 ‘patrimonium
630 1480 752 1567 solum
769 1478 836 1565 fibi
866 1483 1062 1588 vendicet,
1094 1512 1167 1569 nea

234 1637 315 1725 que
343 1608 442 1693 illud
478 1609 640 1722 quidem
673 1633 791 1691 omne
816 1602 959 1692 &Pelia
994 1607 1161 1720 occupa-

233 1753 324 1818 tum
343 1730 509 1844 postulet
553 1763 562 1810 ε
620 1733 777 1840 Quippe
804 1734 875 1842 qui
905 1730 1037 1843 potitis
1067 1731 1160 1842 'cog-

232 1861 432 1943 nationem
452 1862 553 1940 inter
570 1852 607 1939 se
626 1853 853 1969 Peliamque
879 1853 1090 1968 agnoscens
1120 1886 1160 1940 e-

232 1981 375 2064 andem
406 1977 547 2062 sacram
583 1977 751 2089 praestare
788 1979 897 2080 velit,
935 2006 1008 2065 nec
1045 1984 1160 2064 armis

231 2123 300 2187 aut
326 2104 364 2187 vi
408 2126 594 2211 quaerere,
620 2102 799 2210 quamvis
817 2105 896 2207 jure
928 2099 1065 2214 posset.
1086 2109 1160 2190 Ha·

232 2226 338 2328 beas,
357 2226 486 2335 inquit
506 2223 798 2332 magnanimitas
837 2227 923 2327 viri,
948 2225 1068 2328 Pelia,
1107 2226 1160 2310 fa·

233 2351 402 2440 cultates
428 2373 523 2458 quas
561 2344 584 2428 a
612 2364 723 2455 patre
754 2374 846 2429 meo
873 2347 1069 2451 abstulisti,
1096 2378 1163 2436 ne·-

232 2499 315 2584 que
341 2487 489 2578 angunt
517 2471 636 2550 animi
666 2495 760 2578 opes
794 2487 871 2550 tuae
903 2502 912 2549 :
968 2476 1079 2571 Quin
1109 2495 1156 2559 tu

231 2598 424 2708 sceptrum
460 2593 750 2690 Monarchicum
786 2589 1001 2705 solidamque
1040 2604 1158 2704 majo

230 2750 315 2809 rum
332 2717 429 2801 mibi
447 2717 520 2802 fine
549 2715 726 2799 molestia
757 2715 889 2799 redde.
912 2762 914 2768 ·
944 2725 1083 2813 Quum
1098 2751 1159 2806 ve-

232 2844 279 2928 ro
317 2844 443 2927 Pelias
475 2860 685 2947 exponeret
724 2864 812 2920 eam
852 2840 1160 2948 expeditionem,

234 2993 321 3077 quae
349 2964 455 3044 aetati
492 2958 708 3071 honorique
755 2962 992 3062 conveniret,
1033 2967 1157 3050 osten-

234 3091 293 3171 dit
312 3083 347 3168 se
379 3103 463 3165 tam
493 3083 619 3175 arduis
656 3083 857 3170 tradendis
894 3107 1042 3190 parem,
1071 3117 1160 3173 con·

106 3256 109 3263 ¹
231 3207 396 3296 ciliando
417 3206 484 3288 fibi
505 3203 722 3290 fortisslmos
754 3205 930 3320 quosque
953 3215 1022 3294 aevi
1059 3214 1163 3298 illius

233 3340 384 3421 herolia
408 3328 486 3414 und
519 3358 607 3413 cum
649 3329 807 3440 Orpheo
850 3335 983 3442 poetd.
1039 3337 1163 3420 Unde

229 3458 395 3537 demum
428 3454 571 3538 aledea
603 3458 773 3558 juvante,
799 3467 918 3566 quam
950 3484 1086 3541 amore
1125 3458 1164 3539 fi-

233 3579 272 3662 bi
302 3579 485 3676 devinxit,
513 3579 676 3658 eandem
711 3583 808 3685 regis
848 3579 1097 3663 Colchorum
1120 3580 1163 3662 fi-

230 3699 323 3793 liam
360 3703 579 3815 conjugem,
607 3727 650 3792 ac
686 3698 881 3794 thelauros
911 3700 984 3785 und
997 3703 1162 3784 domum

799 3842 803 3850 “
1022 3826 1162 3924 advex-
