2498 4358
257 197 337 309 De
353 146 602 316 Medicina
625 198 825 317 Mancia
1038 160 1039 163 Ν
1083 218 1153 340 59

80 362 152 452 das
188 397 361 476 curare;
406 375 476 463 ubi
512 396 625 462 metu
659 379 836 490 egestatis
869 374 1011 464 semoti

81 518 173 581 cum
213 498 407 609 dignitate
443 501 669 604 alerentur3
705 505 762 587 ita
799 521 933 588 tamen
961 519 1011 587 ut

80 612 221 702 eorum
247 617 456 724 interesset,
482 640 673 733 tanquam
698 627 831 737 patriae
853 620 928 710 suae
946 651 1013 736 pa-

80 758 213 825 tentes
232 741 388 846 haberi,
413 751 454 830 dc
485 744 636 857 nequid
667 747 707 829 in
738 743 892 859 publica
926 769 1014 857 pec·

84 882 199 950 cetur
228 865 457 968 commoda,
481 862 504 948 a
531 865 677 980 quibus
701 865 766 954 sua
794 870 1017 954 etiamnum

84 987 271 1101 pendent,
279 989 526 1104 prospicete;
544 1010 665 1107 atque
684 997 929 1105 experientia
943 989 1019 1085 suit

82 1113 236 1220 ¹auxiliis
272 1113 611 1228 ’quandocumque
649 1122 815 1204 tractatu
848 1112 1051 1214 difficilia,
1163 1107 1168 1118 '

83 1238 369 1352 rempublicam
425 1239 776 1337 administrantibus
834 1268 1017 1328 occurre·

83 1381 185 1464 rent,
218 1361 410 1475 perpetuo
440 1358 577 1448 adesse.
643 1362 872 1472 Hujussnodi
902 1364 1017 1450 locus

17 1581 19 1585 ἲ
85 1504 172 1591 erat
200 1484 429 1597 Prytaneum
461 1485 626 1573 Athenis
660 1489 699 1571 in
734 1512 820 1572 arce
849 1485 1015 1597 digniffi·

87 1637 193 1713 mus,
228 1609 299 1694 ubi
333 1608 480 1718 judices
517 1616 557 1696 δι
594 1609 834 1719 magistratus
875 1606 1017 1692 habere

85 1727 289 1841 eposrlipm
327 1728 514 1837 solebant.
579 1728 639 1816 Ibi
669 1734 791 1813 etiam
817 1726 1019 1819 alebantur

87 1850 260 1965 publice,
283 1857 352 1966 qui
379 1854 478 1938 bene
505 1853 637 1948 meriti
663 1872 772 1937 erant
790 1850 839 1933 de
857 1852 1018 1963 Repub-

86 1971 189 2075 licai;
217 1976 285 2088 qui
303 1976 424 2062 honos
442 1975 545 2089 apud
558 1971 812 2062 Athenienses
823 1980 1016 2060 maximus

89 2096 312 2211 habebatur.
388 2102 452 2207 Ac
490 2100 652 2215 proinde
693 2103 883 2210 Socrates,
915 2101 1016 2212 post·

90 2250 213 2337 quam
238 2222 304 2332 fibi
328 2220 432 2312 rediri
459 2221 649 2325 factorum
675 2251 808 2318 coram
825 2224 1016 2329 judicibus

90 2343 336 2451 meminiret,
371 2343 519 2451 Eorum,
558 2349 700 2462 inquit,
724 2344 862 2456 gratid,
886 2371 963 2457 qua
988 2339 1016 2430 d

91 2468 259 2676 abtpegtfla
283 2468 386 2584 sunt,
411 2467 527 2584 censeo
554 2495 608 2554 me
635 2470 674 2556 in
693 2463 869 2574 Prytaneo
888 2469 939 2556 ali
956 2464 1018 2554 de-

133 2617 181 2689 re,

146 2847 308 2959 Nempe
343 2871 390 2933 ea
430 2845 608 2959 suprema
641 2845 695 2928 est
728 2844 878 2930 ultimae
916 2841 1019 2925 artati
1040 2843 1196 2958 mov-„p

91 2972 289 3083 voluptas‚
315 2965 370 3055 ut¹
389 2970 577 3084 dignitate
603 2969 707 3083 apud
727 2969 814 3057 suos
833 2971 1020 3069 emineat,
1042 2966 1109 3024 am.

89 3098 297 3212 postquam
335 3115 558 3190 caeterarum
595 3121 724 3180 rerum
761 3091 850 3179 usus
889 3093 1021 3173 eidem

90 3227 157 3310 vix
187 3221 373 3333 suppetit.
415 3228 514 3326 'Hoq
551 3223 696 3334 quippe
728 3246 875 3303 novum
904 3214 1022 3328 quid-

93 3351 201 3450 dam,
244 3350 359 3461 quale
404 3352 444 3434 in
484 3343 564 3430 vitri
586 3387 591 3393 ·
610 3343 784 3431 nondum
812 3343 1024 3452 attigerint,

91 3477 286 3588 fastigium
315 3473 501 3572 videtur,
531 3470 701 3582 ideoque
732 3467 846 3553 velut
878 3468 1025 3581 aliquid

91 3607 137 3702 ijs
168 3597 268 3684 ultrei
295 3594 561 3709 expetendum
594 3595 834 3706 proponitur·
896 3593 1022 3698 Cujus

92 3725 180 3816 sane
207 3730 293 3813 vice
322 3726 370 3812 ad
390 3752 485 3839 opes
505 3721 756 3808 cumulandas
771 3739 957 3912 tanquarp
979 3720 1022 3801 fi-

954 3855 1022 3916 um
