2498 4358
273 213 352 322 Da
374 208 622 326 Medicina
646 212 850 325 Mentis.
1073 242 1141 353 25

129 519 331 612 Caeterum
351 513 543 602 nonnullae
561 517 729 626 corporis
748 534 875 622 partes
901 451 1004 602 sensu
1023 536 1120 613 sensas

73 649 238 759 pleniori
267 637 525 751 acutiorique3
552 638 745 723 nonnullae
775 638 924 723 exiliori
949 660 1008 725 at·
1019 633 1070 701 μ
1023 624 1140 764 ΜΨ

74 801 158 885 que
172 769 362 854 hebetiori
381 766 601 849 donantur.
626 760 747 863 Quod
768 763 962 876 quidem
951 794 1012 852 rn-

77 892 234 977 terdum
257 890 389 973 evenit
416 906 576 999 propter
603 890 801 969 raritatem
833 906 904 972 aut
935 888 1009 971 fre·

78 1018 282 1128 quentiam
316 1010 501 1095 fibrarum
531 1006 621 1090 inibi
647 1036 885 1114 nemeaeum,
912 1041 1010 1126 qua-

80 1166 171 1222 rum
192 1139 326 1248 plexus
346 1133 439 1216 alibi
466 1151 667 1241 apparent,
696 1131 788 1214 alibi
809 1132 903 1216 verd
922 1133 1008 1246 ipsae

81 1289 160 1345 non
173 1280 258 1344 tam
272 1255 393 1369 prope
406 1253 479 1336 srtae
492 1252 695 1337 videntur:
723 1257 925 1343 Interdum
938 1261 1012 1340 eti-

81 1411 146 1469 am
168 1401 326 1495 propter
344 1378 560 1463 earundem
585 1381 841 1467 intentionem
861 1384 924 1466 vel
951 1412 1011 1467 re-

82 1501 310 1589 milsronem.
363 1501 517 1599 Quibus
536 1499 673 1585 itidem
688 1503 804 1590 caufis
823 1505 1011 1617 sanguinis

67 1627 291 1714 -viscosroris
310 1632 347 1711 δι
365 1625 613 1736 depauperati
631 1630 774 1712 vitium
794 1629 958 1712 accedit.

142 1880 328 1959 Praeterea
354 1901 495 1985 organa
527 1875 617 1958 alibi
638 1873 686 1957 ad
708 1871 817 1976 hanc,
844 1875 934 1958 alibi
962 1877 1011 1961 ad
1028 1904 1157 1965 susor-

81 2001 191 2087 illam
209 2006 403 2111 pertinent
419 1998 675 2101 facultatem3
706 2005 812 2103 cujus
827 2003 1010 2087 videlicet
1022 2005 1155 2128 ganam

84 2125 340 2237 exemplum
330 2154 370 2208 m
395 2123 507 2226 hisce,
533 2154 619 2236 quae
640 2126 688 2208 ad
709 2126 872 2232 judicem
893 2133 1012 2212 ratio·

86 2249 228 2363 n'esque
252 2250 506 2359 colligentem
535 2251 717 2360 peculiari
736 2252 938 2361 quodam
929 2281 1011 2357 rure

86 2373 277 2486 speetant3
309 2375 413 2487 quasr
434 2379 574 2459 mentis
599 2375 676 2485 ipsa
699 2375 783 2459 illic
811 2375 918 2460 sedes
946 2378 1013 2460 sta-

88 2500 257 2585 biliatur.
311 2499 357 2584 ld
383 2499 492 2610 quod
525 2501 563 2580 in
585 2499 799 2609 phrenitide
826 2503 1016 2604 videmus,

89 2626 247 2743 quando
278 2625 406 2710 fomes
442 2624 570 2707 morbi
596 2623 821 2706 delitescens
853 2648 1018 2735 aegrotos

88 2771 225 2835 mente
244 2768 419 2850 moveat,
445 2774 527 2857 quo
548 2745 709 2831 demum
728 2743 880 2832 sublato
899 2751 948 2834 ad
975 2752 1013 2835 se

86 2873 266 2958 redeunt.

142 3124 281 3259 Itaque
296 3141 437 3228 organa
452 3117 664 3202 commode
679 3118 848 3204 distribui
864 3117 1019 3229 poliunt
1036 3154 1190 3235 „gaeum

90 3269 161 3355 pro
181 3246 286 3327 vario
305 3240 492 3325 sentiendi
513 3267 653 3350 genere
667 3267 709 3323 ac
729 3242 865 3343 modo,
893 3242 1020 3326 diver·
1038 3259 1125 3298 ‘mm
1139 3257 1171 3298 ’ἵ

89 3363 213 3477 soque'
230 3393 372 3450 eorum
389 3360 474 3462 usu,
501 3371 539 3448 &
559 3365 730 3474 partibus
748 3369 924 3477 quibus
909 3367 1024 3449 mini·
995 3339 1136 3398 W

92 3489 221 3575 strant
275 3487 479 3601 Siquidem
507 3485 612 3571 aliud
642 3514 764 3597 genus
791 3491 843 3573 est
875 3516 934 3572 res
966 3495 1024 3573 in·

70 3674 75 3682 .
94 3611 318 3723 telligentia
332 3609 673 3723 comprehendere,
700 3610 747 3692 ab
762 3641 812 3696 eo
831 3613 942 3727 quod
955 3643 1024 3724 per

91 3739 296 3825 todeneio
315 3737 499 3855 extremis
515 3733 686 3846 partibus
698 3731 909 3849 sentimus:
938 3739 1025 3944 Αίὶἆ

967 3888 993 3943 u
1114 3897 1117 3903 .
