2498 4358
133 167 230 288 108
443 180 524 300 De
543 176 806 292 'Medicina
834 175 1032 333 Mentis.

134 358 138 364 ’
261 385 340 444 non
359 362 640 474 perpendatur,
676 359 842 445 custodia
861 359 1015 446 curiae
1041 362 1203 474 vigilan:

261 482 317 568 tii
333 482 578 590 destituemr,
605 501 723 598 prout
738 483 928 594 ejusmodi
959 485 1101 570 notitia
1133 489 1201 594 deff

263 607 463 698 fideratur.
557 710 560 721 ¹

94 849 250 992 23:2“4
319 867 572 973 Quapropter
612 857 789 948 curiofiiss
830 858 1037 945 attendere
1077 877 1199 974 atque

162 971 171 993 ”
260 982 472 1094 perspicere
491 1001 666 1097 oportet,
684 981 773 1065 dein
791 977 863 1073 usu
879 982 1020 1067 affiduo
1048 1011 1199 1066 memo·

262 1112 377 1192 riam·
395 1109 638 1205 exercitare3
665 1133 754 1217 quae
781 1105 919 1194 exinde
945 1107 1047 1190 vires
1088 1107 1197 1191 coili-

263 1241 323 1347 gir
339 1236 466 1319 veluti
480 1234 621 1345 quaeuis
638 1231 710 1314 alia
725 1229 887 1318 facultas
908 1265 919 1315 a
964 1231 1049 1317 Cui
1071 1231 1196 1344 fidig-

253 1370 313 1446 'na
331 1358 520 1444 duntaxat
537 1353 787 1456 mandentur,
811 1382 899 1468 quae
919 1383 1020 1468 opus
1035 1359 1115 1440 erit
1134 1355 1194 1442 sae·

263 1485 352 1596 pius
390 1485 430 1565 in
447 1498 626 1565 mentem
660 1505 843 1565 revocare
860 1477 936 1564 fida
954 1482 1080 1591 magis
1097 1479 1192 1567 indi*

264 1637 309 1701 es
326 1609 457 1697 futura
476 1608 543 1692 est.

98 1900 229 1988 hyp„
266 1906 270 1913 ·
320 1860 590 1941 Veruntamen
608 1854 725 1939 nimis
753 1851 900 1943 solicita
917 1854 967 1938 de
980 1853 1116 1966 paucis
1129 1868 1191 1938 cu·¹

98 1990 234 2050 memora.
264 2002 305 2066 r'a
353 1982 552 2090 angustam
574 1977 718 2063 ‘reddit
765 1985 1007 2083 memoriam,
1055 1996 1193 2092 utpote

264 2126 351 2218 quae
370 2123 499 2186 totam
530 2102 674 2184 mentis
699 2106 962 2188 attentionem
984 2122 1194 2214 occupent.

134 2320 137 2326 ,
265 2226 381 2317 Adeo
394 2245 442 2310 ut
467 2222 584 2334 fiquis
602 2225 730 2329 paucis
756 2226 965 2308 retinendis
983 2221 1194 2333 assueverit,

265 2358 328 2438 vix
356 2353 424 2436 ille
459 2350 631 2460 plurium
663 2348 790 2460 postea
823 2349 1030 2435 meminiffe
1054 2356 1195 2440 valeat.

265 2481 336 2564 Vis
363 2478 512 2588 quippe
530 2476 726 2558 memoriae
746 2478 786 2558 in
813 2476 1121 2587 compleotendis
1139 2507 1195 2564 re·

262 2632 350 2693 rum
384 2600 495 2686 fimul
532 2601 781 2711 plurimamm
804 2605 964 2715 vestigiis
990 2609 1192 2691 cernitur:

265 2739 359 2820 Haec
383 2749 516 2818 tamen
542 2755 619 2811 non
652 2728 763 2812 tanti
799 2726 951 2839 semper
981 2735 1195 2818 tenacitate

264 2853 429 2962 gaudet,
451 2850 603 2962 quanti
622 2874 667 2931 ea
694 2878 782 2961 quae
804 2855 997 2963 angustior
1017 2856 1087 2947 est.

96 3133 233 3195 Memoria
319 3097 444 3185 'Aliud
480 3103 586 3183 enim
613 3098 769 3185 videtur-
806 3128 868 3185 res
906 3101 1006 3186 bene
1050 3097 1195 3189 multas

91 3215 241 3353 mm
265 3224 592 3335 comprehendere
612 3267 623 3324 3
649 3225 757 3311 aliud
772 3223 920 3314 diutius
941 3253 1019 3309 non
1046 3226 1113 3308 nifi
1143 3224 1198 3309 se-.

97 3396 167 3432 rum.
264 3353 381 3437 lectas
407 3353 571 3434 retinere
601 3383 610 3428 ε
666 3349 769 3435 Illud
797 3350 960 3462 quidem
985 3377 1110 3461 genus
1140 3353 1196 3454 ju-

265 3476 436 3560 nioribus
457 3477 672 3575 tribuitur,-
708 3477 782 3558 hoc
809 3481 904 3562 veto
937 3474 1029 3576 illis,
1050 3477 1197 3586 quibus

263 3593 425 3686 facultas
464 3601 575 3706 judex
613 3605 838 3688 maturuit:
894 3605 975 3698 Qui
1009 3604 1196 3694 nimirum

1091 3724 1197 3839 sume
