2498 4358
99 233 197 316 112
242 178 245 185 Δ
408 203 489 314 De
509 197 758 319 Medicina
782 205 980 315 aientis.

63 528 162 672 M?”‘
157 521 210 592 ni*
299 515 410 603 Nihil
442 548 537 634 ergo
584 547 778 605 memores
809 513 1006 604 valentius
1029 492 1174 618 reddit,'

64 634 215 792 QZ,
246 670 370 756 quarn
384 645 629 733 inimicorum
642 648 766 744 minae,
793 670 889 756 quas
904 639 1069 756 quidem
1088 657 1173 723 tota

64 779 229 841 memorio·
224 793 355 854 mens
373 766 557 873 advertit,
583 771 731 882 quippe
752 785 866 851 metu
889 765 956 851 fibi
982 759 1173 848 infensrffi·

243 914 405 975 morum
423 894 628 980 excitata
616 893 831 1005 ,quocirca
854 917 991 976 omnes
1010 892 1050 972 in
1064 884 1175 972 subse

242 1009 353 1126 dium
367 1012 574 1101 facultates
587 1020 752 1102 cientur.
806 1018 966 1124 Nempe
981 1011 1174 1125 haec,quae

240 1134 428 1247 imagines
447 1135 666 1242 fabricatur,
693 1156 808 1224 metu
822 1167 866 1222 ac
880 1137 1083 1224 interdum
1100 1155 1174 1220 ter·

241 1287 329 1345 rore
349 1281 537 1373 occupata
550 1262 752 1376 personam
766 1265 943 1375 quamvis
959 1255 1173 1345 formidan-

242 1385 334 1470 dam
354 1383 524 1491 exhibet,
548 1416 635 1501 quae
649 1387 750 1488 raro,
776 1386 944 1498 qualiter
965 1382 1101 1470 reveri
1115 1382 1175 1467 ha·

244 1512 327 1614 bet,
362 1534 557 1627 appareat,
595 1535 636 1599 at
670 1512 800 1624 potius
838 1534 1029 1626 tanquam
1068 1510 1173 1595 mille

245 1638 350 1722 mala
364 1638 628 1750 complectens
639 1681 651 1740 ς
673 1664 760 1750 quae
773 1642 945 1748 graviora
958 1633 1174 1722 scilicetvel

244 1763 390 1848 leviora
410 1757 643 1849 aestimantur
664 1789 734 1882 pro
748 1764 1039 1848 inimicitiarum
1055 1761 1175 1874 gradu

246 1884 435 1988 modove,
461 1904 584 1999 quem
619 1874 775 1972 hostis
763 1891 920 1997 ingenio
951 1913 1173 2003 congruere,

246 2036 325 2091 non
338 2009 561 2092 incredibile
580 2037 629 2092 eo
646 2011 726 2095 ritu
744 2006 887 2096 affectis
906 2009 1080 2097 videtur.
1130 1997 1176 2094 Il·

246 2133 299 2233 la,
326 2159 413 2244 quae
432 2133 569 2237 judicis
588 2151 717 2244 partes
736 2131 907 2236 sustinet,
931 2132 1094 2245 quando
1112 2131 1177 2216 ho·

248 2262 341 2342 stem
373 2256 447 2343 effe
477 2259 705 2362 decreverit,
732 2260 998 2374 quodcunque
1019 2261 1073 2346 ab
1099 2257 1176 2372 ipso

248 2381 339 2466 dein
360 2384 548 2492 provenit,
576 2381 724 2466 etiamfi
752 2379 820 2468 sub
839 2383 1040 2467 commodi
1061 2381 1177 2494 specie

249 2501 445 2608 offeratur,
473 2507 645 2592 damnat.
704 2513 768 2594 De
782 2508 909 2593 verbis
929 2537 1026 2594 mox
1047 2512 1179 2592 innox&

250 2637 295 2738 ijs
329 2659 523 2719 venenum
545 2633 728 2732 elicitum
755 2631 962 2746 laudesque
989 2653 1177 2746 tanquam

249 2759 443 2842 illecebrae
475 2759 635 2844 hamum
679 2758 918 2844 obducentes
956 2761 1178 2846 creduntur.

248 2884 490 2966 Sententiam
506 2881 593 2966 dein
613 2881 774 2990 profert,
800 2887 1021 2973 cavendum
1040 2885 1116 2968 effe
1133 2880 1181 2966 ab

248 3002 475 3088 omnimodi
492 3009 531 3088 in
550 3008 743 3117 posterum
768 3008 914 3113 injurii,
934 3033 1177 3120 quaecuuque

250 3160 298 3214 ex
324 3130 428 3215 istius
445 3149 555 3240 parte
574 3128 700 3215 inferri
722 3130 843 3242 possit»
899 3136 1105 3219 Nimirum
1125 3129 1177 3214 id·

252 3248 372 3364 ipsum
392 3274 500 3338 curat
517 3251 763 3366 praesagiendi
782 3253 956 3357 inultae,
981 3284 1071 3368 quae
1098 3283 1178 3369 perh

218 3394 221 3417 ¹
253 3379 347 3487 vigil
372 3376 517 3487 singula
543 3406 618 3461 non
652 3375 726 3459 fine
757 3377 934 3488 maleficij
973 3380 1178 3464 formidine

250 3499 396 3603 lustrat,
419 3523 538 3614 atque
564 3501 702 3584 itidem
724 3530 771 3586 ex
789 3502 932 3586 eodem
947 3507 1085 3614 petitis
1099 3502 1179 3589 forr·

251 3636 293 3698 te
311 3639 507 3731 aggravat.
562 3617 696 3732 Atque
711 3624 764 3705 ita
779 3625 908 3734 qualia
926 3622 1050 3729 isthaec
1067 3625 1180 3707 intel·

247 3741 352 3855 ligia,
376 3743 469 3834 talia
496 3747 692 3836 memoriae
729 3748 905 3858 princeps
932 3746 1180 3944 demumlfa·

1055 3886 1106 3946 eu
1124 3877 1180 3944 tat
