2498 4358
97 243 215 335 20&
410 223 488 331 Dc
516 222 761 339 Medicina
785 222 1005 342 Menam

236 436 282 500 ac
321 407 527 500 sententias
571 415 692 518 jurare
734 413 1000 501 addicantnasst:
1036 409 1183 523 iduum

239 553 441 642 propterea
460 533 570 647 quod
601 536 792 640 judicandi
824 533 1009 621 facultas
1015 534 1069 618 ab
1087 536 1181 620 illia

239 655 422 871 pppedrppe,
448 654 665 744 nullatenus
691 664 782 744 vero
814 660 869 747 sui
888 654 1002 749 esst
990 683 1167 843 prm
1105 659 1183 770 ‹si-‚3

69 1025 180 1110 Juams
296 1034 366 1118 Iste
398 1051 529 1116 autem
563 1061 586 1114 a
618 1033 788 1174 Juventa
825 1035 989 1145 graduS,
999 1035 1080 1146 qui
1095 1059 1177 1115 nm.

68 1114 225 1179 mum
215 1151 354 1239 stram
391 1153 739 1265 disquisrtionem
730 1185 802 1261 jam
848 1179 1033 1258 meretur,
1087 1174 1170 1236 tam

102 1315 120 1329 ··
243 1275 323 1369 altr}
342 1279 365 1362 s
368 1299 428 1362 tus
445 1282 513 1382 est,
549 1296 596 1360 ut
629 1277 855 1365 sententiam
884 1282 984 1365 ferte
1015 1305 1172 1392 aequam

240 1399 355 1505 judex
373 1422 494 1514 queat
526 1401 575 1484 de
593 1406 710 1486 animi
735 1398 933 1493 affectibus
945 1449 956 1506 ς
984 1408 1054 1518 qui
1073 1406 1180 1485 viter

241 1525 474 1642 perpetuum
506 1529 544 1609 in
564 1525 637 1611 hoc
663 1526 784 1638 usque
811 1529 880 1607 aevi
898 1547 1060 1637 tempus
1092 1520 1178 1617 eosq

241 1651 362 1762 ligere
381 1648 517 1732 soient.
571 1653 687 1738 Nunc
713 1653 816 1729 enim
836 1647 972 1745 sorma,
1001 1676 1093 1760 quae
1120 1651 1176 1750 iu·

244 1792 452 1859 ventutem
483 1770 650 1871 irradiat,
678 1767 868 1879 saepisfime
890 1768 1050 1854 laudata
1069 1797 1176 1857 men·

245 1917 331 1982 tem
367 1891 538 2001 ejusdem
586 1890 779 1981 consciam
818 1888 958 1995 essert,
1005 1890 1176 2005 esamque

245 2020 328 2106 sere
353 2039 574 2111 tumentem
596 2017 648 2098 ob
668 2019 758 2100 alias
784 2021 902 2102 etiam
922 2018 1035 2101 dotes
1059 2021 1175 2101 relin-

246 2148 369 2259 quite·
411 2138 526 2225 Adeo
561 2157 608 2221 ut
645 2139 760 2222 valde
806 2143 1057 2224 contumeliae
1093 2144 1174 2226 vim

247 2267 400 2365 sentiat,
440 2261 679 2372 omnemque
713 2291 782 2370 pro
814 2260 944 2364 injurii
974 2264 1174 2353 observan-

247 2395 311 2478 tiae
344 2385 563 2497 neglectum
589 2386 739 2473 habeat.
793 2390 894 2469 Hinc
924 2389 1069 2471 irarum
1102 2390 1173 2470 flu·

248 2522 346 2625 Vertis,
386 2507 545 2622 odiique
586 2538 631 2594 ac
669 2509 923 2608 fimultatum‚
968 2538 1060 2622 quae
1097 2538 1172 2594 non

153 2707 158 2716 .
248 2646 334 2726 raro
373 2634 539 2720 humana
586 2636 716 2716 omnia
760 2633 1009 2732 conturbant,
1052 2635 1174 2744 origo.

248 2765 350 2847 Hinc
374 2764 497 2840 etiam
530 2757 662 2844 arbitri
689 2783 763 2838 non
790 2757 909 2863 inepti
943 2754 1189 2840 defiderium‘

249 2889 289 2965 δι
319 2877 526 2965 necessitas.
580 2882 735 2964 Totum
772 2878 887 2983 igitur
917 2876 1025 2988 quod
1064 2899 1175 2962 extu-

251 3005 355 3090 muit
382 3004 489 3083 inane
516 3002 580 3085 vel
598 3002 768 3113 opplere,
793 3003 855 3083 ves
881 3004 983 3085 intra
1012 3005 1177 3113 angusti·

252 3154 339 3215 ores
371 3123 591 3215 contrahere
628 3126 720 3211 fines
751 3143 924 3233 oportet,
962 3124 1092 3209 donec
1128 3125 1175 3209 ad

250 3253 388 3362 jussum
408 3247 509 3358 apud
543 3250 709 3360 equales
742 3247 842 3330 sorte
877 3249 976 3330 viros
1009 3236 1174 3338 modum

252 3380 461 3487 redigatur.
517 3376 652 3483 Atque
692 3375 747 3452 ita
787 3368 900 3477 judex
937 3371 1176 3471 maturescit,

252 3529 332 3583 non
358 3497 452 3588 vero
478 3497 525 3578 ad
554 3496 747 3585 sumntum
779 3498 1013 3579 maturitatis
1040 3499 1174 3608 fastigi-

254 3650 325 3708 um
352 3624 537 3728 pervenit,
562 3618 683 3730 usque
712 3619 808 3700 dum
827 3625 956 3701 omnia
987 3623 1173 3706 tumentis

253 3747 356 3912 ssb'us
385 3743 532 3842 habitas
564 3747 750 3868 vestigia
765 3741 894 3857 deleta
930 3740 1122 3845 suerint,
1131 3769 1171 3857 tr

365 3922 367 3929 s
1029 3852 1169 3980 prorsas
