2498 4358
272 227 352 341 De
378 225 631 346 Medicina
660 228 866 349 Mentis.
1080 238 1151 391 63

135 521 198 613 'At
239 517 266 606 fi
305 523 416 610 unico
453 538 539 637 pars
575 525 771 629 afficiatur,
811 549 881 616 aut
917 512 1010 618 finer
1030 548 1111 617 rm
1129 553 1172 610 u·

80 639 180 735 sedis
213 646 368 733 latiores
405 645 506 754 sunt,
538 671 607 737 aut
635 655 821 741 inunum
850 659 955 768 aliqu
1030 628 1187 775 '⁰⁸2¹‘ss

80 770 187 888 qursr
218 776 403 884 punbium
443 771 557 859 dolor
596 773 743 860 definit.
817 779 941 878 Quod
985 778 1116 864 srceur.

79 898 183 1012 parti
213 895 328 979 alicui
366 893 482 980 latibs
518 894 667 1001 infidet,
707 905 885 1012 quamvis
915 901 1012 991 inibi

79 1044 265 1148 ³2²3&
281 1048 442 1138 peccans
475 1024 563 1112 vasa
601 1027 715 1139 plura
745 1049 898 1141 premat
934 1031 1011 1116 dis·

79 1145 313 1259 tenditque,
338 1149 582 1259 paucioribus
603 1168 740 1237 tamen
768 1155 875 1238 leniri
897 1149 1010 1266 saepe-
1124 1190 1127 1197 ·

78 1301 245 1362 numero
274 1273 415 1385 potest,
453 1272 575 1385 quim
608 1274 720 1367 alter,
737 1277 818 1380 iste,
842 1277 911 1363 ubi
939 1303 1017 1363 an-

79 1399 198 1511 gustis
227 1398 306 1480 loci
339 1398 513 1484 terminis
537 1396 720 1484 vitiosum
744 1401 822 1487 alte
841 1400 1006 1490 infixum

78 1529 121 1608 δι
153 1526 392 1606 coaroutum
424 1517 555 1622 haeret,
582 1518 778 1635 quodque
809 1522 900 1611 ideo
929 1553 1008 1613 non

79 1642 151 1732 nifi
168 1669 311 1756 magno
330 1647 489 1758 negotio
507 1643 640 1732 divelli
659 1664 793 1759 queat.

135 1897 209 1980 He
231 1894 384 1981 interim
409 1913 538 2009 partes
560 1896 624 1982 vel
650 1894 840 1984 nobiliore
859 1895 1007 1983 donan·
1027 1932 1062 1998 1„
1072 1935 1164 1999 „ura

76 2036 145 2106 tut
170 2014 293 2120 sorte,
319 2037 388 2105 aut
415 2018 553 2107 saltem
580 2018 627 2105 ei
651 2049 735 2135 quae
753 2020 896 2111 utilem
915 2022 1007 2108 tali·
1028 2018 1182 2115 ”imi

76 2143 149 2228 bus
180 2168 335 2254 operam
357 2144 533 2254 praestet3
559 2145 623 2228 vel
641 2148 778 2259 quoles
797 2149 837 2228 in
857 2145 1006 2229 honore
1027 2118 1184 2261 2⁰:223}

76 2267 131 2352 εὸ
155 2261 287 2379 usquo
310 2293 392 2371 nonv
418 2266 516 2354 sunt.
554 2271 709 2353 .Prioris
740 2271 891 2382 generis
917 2266 1006 2354 sunt
1028 2261 1109 2322 ’Μ

76 2396 216 2504 capitis
234 2388 472 2502 pectorisque
490 2391 556 2477 vel
573 2392 704 2478 lateris
722 2392 894 2496 dolores,
919 2391 1008 2504 qui-
1113 2414 1115 2421 ’

76 2542 157 2627 que
174 2511 233 2598 fiti
246 2511 334 2599 sunt
347 2515 384 2594 in
398 2510 547 2598 sedibus
562 2518 903 2616 emunoioriorum,
918 2544 1007 2626 quae

74 2636 164 2751 ipfis
193 2635 429 2720 inserviunt:
453 2640 537 2736 Qui
569 2654 710 2747 utpote
743 2639 892 2740 maioris
920 2664 1008 2719 mo·

73 2710 1035 2872 menticummexquifitioremdefiderant,quiffi'

71 2884 146 2972 ubi
163 2880 405 2968 ivisceribus
423 2880 674 2967 nobilioribus
693 2901 853 2966 remotae
870 2903 1009 2996 partes,

74 3007 225 3091 caeteris
243 3006 429 3092 nimirum
447 3005 615 3120 paribus,
640 3000 867 3090 afficiuntur.

131 3249 286 3335 Fabrica
313 3270 449 3338 autem
476 3250 573 3338 sedis
590 3249 653 3336 vel
674 3250 722 3332 ei
742 3254 891 3335 ratione
912 3275 1011 3333 con··
1024 3284 1137 3349 pam„

71 3374 261 3477 stituitur,
285 3401 373 3488 quae
398 3378 480 3464 citb
500 3375 540 3459 id
558 3373 666 3486 quod
686 3373 797 3457 dolet
816 3371 1006 3476 dimittat,
1018 3365 1099 3445 Μ’·

71 3498 142 3585 vel
166 3527 254 3612 quae
282 3499 472 3604 detineat,
498 3507 537 3586 ὃ(
564 3499 675 3611 quali
694 3497 833 3582 haerere
854 3497 929 3582 hoc
948 3501 1006 3611 ir»

70 3618 161 3707 sum
188 3622 258 3708 diu
285 3619 496 3708 consuevit.
549 3627 591 3708 In
609 3621 713 3707 hunc
732 3619 897 3706 modum
915 3650 1008 3709 ven·

72 3746 239 3866 tricuius
270 3743 374 3860 brevi
400 3742 540 3864 uiicoiu
565 3743 833 3858 aegritudinem
860 3750 1007 3858 parien-

950 3887 1005 3952 tra
