2498 4358
103 212 202 339 122
412 181 494 293 De
522 179 780 295 Medicina
805 177 1006 289 Mentis·

225 389 355 479 neque
373 359 533 449 scribere
548 362 707 466 licebat,
724 367 1006 479 nequeintuer'i
1025 369 1182 484 aliquid

225 497 333 584 ultra
366 485 529 573 camere
557 487 668 596 hujus
699 491 911 600 angustiam
941 491 1013 577 ubi
1039 521 1181 613 neque

229 613 427 734 quendam
462 611 700 725 loquentem
731 613 973 716 exaudierat,
1010 638 1090 703 nec
1118 627 1179 734 ip

230 737 269 825 se
286 738 397 849 loqui
431 731 585 846 persen
612 730 692 819 fere
720 728 872 814 menses
903 736 1017 822 ausus
1034 736 1177 837 firetat.

227 866 423 961 Absumto
442 863 531 949 dein
551 862 626 950 hoc
639 883 821 977 tempore
833 867 993 975 penitus
1008 867 1173 957 liberta·

227 997 282 1082 tis
315 989 463 1075 oblitus
499 983 642 1090 fueret,
672 1015 802 1099 neque
841 993 970 1100 gravis
1000 981 1172 1083 ta'ndem

196 1119 332 1204 ,areta
363 1109 418 1194 ibi
450 1102 635 1210 custodio,
665 1111 729 1192 cui
754 1109 833 1214 lam
858 1105 1084 1218 assueverit,
1118 1121 1182 1202 vi·-

78 1278 90 1298 ··
231 1239 397 1327 debatur
415 1268 426 1318 ε
456 1233 574 1321 Adeo
592 1251 636 1316 ut
654 1232 841 1321 desiderio
862 1238 975 1323 nullo
1003 1258 1087 1353 our
1095 1242 1175 1329 diei

229 1358 441 1478 splendoris
478 1378 545 1443 out
582 1355 742 1444 humani
773 1355 951 1467 consortii
985 1364 1026 1449 in
1047 1367 1181 1478 pollo·

229 1512 319 1573 rum
352 1501 592 1593 tangeretur.
660 1486 712 1567 Et
744 1477 812 1563 hic
841 1484 1007 1593 quidem
1040 1484 1173 1577 form·

231 1607 281 1695 ni
301 1607 362 1693 vir
381 1604 449 1689 ille
480 1604 612 1716 plures
631 1602 714 1715 pbst
732 1629 850 1687 annos
867 1605 1072 1713 utebatur,
1097 1610 1182 1731 ᾤ,

230 1760 306 1821 nec
325 1731 524 1816 oblivione
543 1729 693 1843 prorsus
715 1727 881 1816 obrutus
892 1725 1037 1820 fuisset.
1063 1736 1184 1825 Post..

231 1884 278 1943 ca
302 1857 469 1940 inertem
501 1852 664 1938 demum
690 1848 853 1964 respexit
878 1853 1051 1964 libertas,
1085 1883 1170 1976 quo

232 1998 412 2087 tempore
432 1972 492 2057 bic
512 1975 587 2078 jam
608 1972 760 2082 prorsus
786 1973 902 2059 alieni
919 1980 1010 2087 juris
1029 1979 1169 2086 failor,

231 2127 359 2214 neque
388 2098 551 2209 pedibus
585 2099 635 2182 ad
662 2099 923 2207 incedendum
943 2130 1018 2191 nec
1037 2100 1168 2218 lingui

231 2224 280 2310 ad
301 2220 567 2336 eloquendum
585 2227 646 2307 uti
666 2226 800 2334 potuit
829 2257 839 2306 ε
895 2224 1046 2316 Verrito
1074 2255 1169 2341 pru-

232 2345 416 2439 intimari
444 2344 479 2427 se
500 2345 649 2430 rediens
667 2367 786 2458 atque
805 2350 845 2432 in
865 2351 1035 2459 patriam
1059 2355 1168 2436 navi·

235 2499 329 2592 gons
343 2467 460 2552 verba
475 2467 658 2555 sermonis
678 2469 775 2553 olim
794 2465 960 2583 suiapud
977 2477 1168 2563 nostrates

233 2605 379 2685 iterum
395 2595 560 2697 ·didicit;
589 2598 626 2678 in
653 2597 787 2705 primis
818 2598 983 2707 quidem
996 2597 1168 2690 haesnrrr·

234 2743 295 2808 ter
320 2723 432 2806 velut
461 2719 767 2804 infansconatur
792 2718 959 2806 oliorum
989 2724 1092 2810 diota
1111 2750 1166 2810 re·

232 2847 343 2946 tulit,
368 2839 593 2953 gestivitque
631 2840 731 2927 mire
761 2842 942 2953 quaedam
962 2846 1169 2960 recognos-

235 2981 338 3054 cere,
370 2979 414 3036 ac
460 2951 666 3036 reminisci.
721 2951 910 3038 Attamen
961 2956 1165 3045 biennium

235 3079 385 3162 circiter
412 3079 596 3178 excurrit,
623 3071 842 3188 priusquam
861 3077 975 3191 loqui
1009 3078 1165 3192 promte*

235 3211 275 3292 δι
290 3199 487 3314 expedite,
513 3199 717 3314 quomodo
747 3199 1083 3288 antehicvalerot.

125 3536 189 3574 mm
289 3450 355 3532 Nil
378 3445 536 3557 proinde
554 3448 655 3549 miri,
680 3445 706 3531 sr
728 3445 871 3559 medici
894 3447 942 3532 ad
963 3456 1165 3537 memorie

71 3617 116 3655 am
129 3601 218 3658 verm
233 3594 421 3680 egrotum
436 3566 663 3653 firmitatem
675 3567 858 3682 speciant,
876 3591 1093 3685 antequam
1115 3573 1165 3658 de

68 3679 173 3738 imm·
235 3693 461 3776 morborum
485 3690 699 3804 difficilium
725 3697 831 3796 exitu
851 3691 1060 3782 sententiar
1083 3696 1164 3798 suas

1075 3847 1159 3935 pto

68 3520 124 3583 Me
182 3520 203 3559 ·.
