2498 4358
288 213 367 323 De
392 207 643 331 Medicina
668 210 867 322 Mentis
1036 151 1038 153 ”
1113 229 1143 338 5
1150 232 1179 340 5

105 399 340 485 Mauortem
377 420 520 485 aeterno
547 397 767 482 devinctum
794 391 868 480 elle
894 392 1036 478 amoris

102 520 276 629 vulnere,
307 528 462 613 cecinit.

158 779 227 868 Nil
260 779 350 862 miri
375 778 496 888 igitur
524 773 551 859 sr
581 774 720 860 eodem
748 776 817 858 aevi
842 792 1037 884 tempore,
1056 778 1192 864 Qoomod
1244 878 1247 884 Ι

100 901 172 988 ubi
207 929 321 988 amor
360 904 504 1003 aestuat,
546 897 663 984 &ad
697 898 893 983 summum
927 890 1035 976 effer·
1056 865 1179 1006 rum
1181 972 1195 990 „

101 1043 191 1130 tur,
235 1028 368 1108 omnia
410 1023 531 1108 civilis
566 1027 655 1106 vitae
685 1018 805 1105 officia
845 1012 1084 1129 precipuem
1059 1027 1188 1084 moran

100 1149 194 1251 coli,
225 1157 264 1236 &
297 1175 388 1232 cum
420 1148 501 1252 ejus
521 1147 669 1234 refluxu
703 1144 847 1256 negligi
878 1139 1034 1228 consui:-
1055 1109 1179 1187 ’Μ’
1167 1145 1210 1241 ᾗ

100 1288 204 1354 runt.
271 1266 385 1355 Idem
431 1269 515 1352 &
505 1294 543 1348 rn
569 1266 783 1377 disciplinis
811 1263 881 1350 usu
910 1268 1031 1349 venit

100 1398 223 1485 Unde
241 1425 403 1513 quoque
422 1423 491 1509 per
509 1393 582 1480 hoc
602 1395 726 1507 ipsum
747 1396 912 1508 spatium
933 1393 1032 1478 mes·

99 1521 145 1608 fis
179 1525 392 1636 colligitur,
433 1530 474 1609 δι
509 1524 598 1604 vitae
624 1520 752 1632 fruges
780 1543 1035 1632 reponuntur‚'

80 1677 190 1763 ·quae
229 1651 279 1734 ad
323 1648 558 1734 seneclutem
586 1647 765 1731 alendam
794 1650 1032 1757 conquirun-

98 1792 181 1856 tur.
244 1776 402 1859 Interim
433 1797 571 1856 omnes
598 1769 654 1856 hae
679 1770 901 1880 voluptates
939 1799 1029 1855 cunr

98 1888 372 1979 recordatione
401 1897 609 1999 conjunctae
640 1899 830 2004 nugentur
856 1923 926 2005 pro
948 1922 1031 2005 gra-

96 2012 142 2096 ti
174 2015 374 2100 memoriae
400 2017 656 2129 impreffione,
682 2016 785 2104 adeo
820 2039 866 2102 ut
887 2017 1033 2102 deiide-

97 2140 201 2225 rium
233 2140 291 2226 sui
320 2139 538 2253 relinquere
559 2142 719 2228 soleant.
775 2141 925 2238 Reveri
962 2144 1031 2233 bo-

97 2288 147 2345 na
185 2266 440 2376 voluptatum
478 2292 576 2377 pars,
613 2295 709 2379 quas
738 2264 879 2379 sapiens
906 2287 1032 2380 optat,

98 2383 150 2490 de
181 2413 231 2472 eo
263 2414 404 2498 genere
435 2388 536 2490 sunt,
561 2409 609 2474 ut
630 2388 667 2472 se
685 2385 898 2476 fruiturum
919 2419 1030 2503 repe-

97 2508 184 2590 titis
223 2505 377 2619 speret,
426 2509 597 2628 quisque
641 2513 770 2593 animo
816 2513 1030 2596 revolventi

96 2628 208 2716 nulla
239 2637 477 2743 poenitentiae
497 2634 612 2717 detur
633 2631 755 2717 causa.
809 2634 929 2718 Tales
966 2661 1033 2717 ve·

94 2752 142 2838 ro
176 2752 378 2859 habentur,
406 2785 494 2869 quae
522 2755 570 2841 ad
599 2752 799 2839 sanitatem
821 2758 939 2841 utiles
961 2757 1030 2857 de-

94 2873 412 2988 prehenduntur;
433 2906 575 2989 nempe
593 2879 729 2989 quales
748 2897 882 2964 nature
899 2900 946 2970 ut
964 2880 1030 2975 fibi
1112 2968 1113 2972 Ν

94 3000 235 3085 benef
223 3001 448 3113 tdeposcrt
478 3006 677 3115 Siquando
690 3032 792 3090 enrm
805 3004 925 3089 modo
937 3035 1031 3137 pec

94 3130 202 3215 cent,
243 3114 342 3196 vires
372 3114 532 3223 pristinae
560 3111 698 3199 amiliae
728 3134 929 3213 monent,
970 3115 1032 3197 id·

94 3260 176 3347 que
197 3232 289 3317 dein
310 3232 561 3320 sentientibus
579 3236 815 3349 praestolandi
837 3178 944 3320 cauia
962 3240 1031 3342 est,

94 3354 224 3471 usque
237 3355 334 3440 dum
349 3357 499 3441 eaedem
519 3362 698 3456 restitute
719 3359 876 3453 fuerint
930 3363 1029 3474 Qui·

94 3478 168 3564 bus
216 3477 393 3602 proferto
431 3479 624 3567 accedunt
660 3486 778 3566 animi
817 3479 926 3594 ipsius
964 3510 1031 3574 vo·

95 3603 286 3708 lupraten
315 3601 534 3715 gaudiaque
560 3632 638 3686 non
667 3604 832 3691 immista
854 3602 1032 3699 sensuum

97 3740 350 3822 externorum
377 3720 520 3832 officijs,
548 3754 632 3838 quae
669 3724 836 3836 prudens
870 3725 1034 3839 quisque

527 3850 559 3930 E
587 3876 614 3954 4
968 3848 1034 3944 libr
