2498 4358
109 209 211 360 318
423 215 507 325 Dr
538 213 792 331 Medicina
814 214 1020 328 Mancia·

244 402 372 488 modi>
398 407 478 489 iron
505 400 621 489 fortis
641 403 700 507 se,
725 401 791 486 sed
823 407 1070 489 curationem
1104 409 1190 517 pei:

245 523 391 614 ferram
424 522 624 632 admittat,
652 527 816 615 minime
845 556 914 639 per
943 531 1191 642 paroxysmoa

246 656 387 737 reverti
435 653 543 739 solet.
610 652 723 737 Idem
761 659 801 738 δι
835 653 1003 739 Comari
1035 658 1194 743 accidit.

246 776 355 869 Quin
381 783 421 861 &
451 778 677 861 libertatern
705 778 850 888 pariter
869 776 1054 862 adimunt
1078 781 1193 866 Phre-

245 902 360 1000 nitis;
391 920 619 1016 caeteraeque
649 900 800 988 insania
834 900 1010 1013 species:
1055 909 1110 991 Et
1141 932 1191 991 ex

244 1023 344 1115 hisce
364 1028 503 1112 itidem
524 1027 624 1131 sunt,
651 1042 741 1139 quae'
773 1028 1003 1140 quibusdam
1036 1051 1192 1141 tempe*

245 1148 402 1234 statibus
448 1151 737 1234 exacerbantur.
798 1157 865 1238 De
911 1154 1058 1263 quibus
1105 1154 1190 1238 fane

246 1273 433 1359 omnibus
453 1293 648 1386 quatenus
667 1274 770 1356 varia
791 1274 1026 1359 morborum
1047 1291 1187 1386 genera

245 1391 349 1499 sunt,
377 1424 480 1480 nunc
501 1423 579 1479 non
598 1396 650 1477 est
669 1394 809 1505 agendi
829 1397 955 1481 locus.
1012 1474 1016 1482 .

70 1666 227 1763 aroucam
303 1649 436 1736 Morbi
481 1651 657 1758 proinde,
696 1653 767 1762 qui
798 1650 871 1734 ad·'
887 1650 999 1735 hanc'
1023 1651 1206 1739 facultass

67 1767 222 1843 puurrares.
244 1790 329 1856 tem
349 1775 599 1884 peculiariter
617 1772 801 1884 spernant,
828 1804 877 1860 ex
891 1781 994 1883 vitiis
1012 1779 1183 1883 ejusdem

102 2009 104 2014 Ι
244 1896 346 2004 priris
392 1901 599 1984 nominatis
643 1918 691 1984 ut
735 1899 948 2009 plurimum
991 1908 1186 1990 oriuntun‘

240 2019 351 2103 Illius
398 2018 587 2132 srquidem
620 2022 838 2130 pertinacia
864 2049 906 2104 ac
937 2020 1182 2134 perseveran-

241 2143 382 2228 tiiirmo
404 2173 526 2256 pravae
547 2144 709 2251 cujusvis
736 2148 792 2230 rei
818 2146 944 2233 studio
971 2151 1100 2234 maius
1117 2153 1182 2234 iste

135 2276 137 2281 ’
240 2268 394 2353 habitus
432 2271 663 2381 plerumque
711 2269 895 2369 debetur,
940 2274 1006 2380 qui
1051 2278 1178 2359 Mania

244 2399 321 2497 dici
342 2398 467 2479 solet:
517 2399 640 2480 Sicuti
661 2397 771 2480 alteri
792 2423 909 2479 cereae
936 2395 1053 2508 ipsius
1085 2405 1181 2486 mol-

241 2523 344 2607 litiei
360 2519 500 2603 accidit
519 2518 718 2604 stoliditas.¹
772 2517 835 2603 Ac
856 2541 1063 2630 propterea
1082 2531 1180 2636 prior

242 2648 310 2729 iiie
327 2706 330 2710 -
345 2641 523 2745 affectus,
567 2663 615 2726 ut
648 2640 700 2724 ad
744 2638 969 2726 inferiorem
1016 2645 1180 2731 sanitatis

242 2796 436 2880 corporeae
468 2767 630 2876 gradum
665 2762 886 2850 deducatur
917 2764 1066 2850 neceiie
1105 2770 1177 2851 est:

242 2893 309 2980 Ad
342 2917 465 3000 querar
498 2888 582 2974 iane
611 2888 729 2973 finem
763 2891 874 2975 utilis
910 2891 1024 2976 cibus
1051 2892 1177 3003 potid-

87 3006 98 3063 ³
145 3074 156 3088 -ι
243 3048 322 3133 que
342 3010 614 3111 infirnriiirnra3
641 3015 752 3098 utilis
784 3011 927 3097 itidem
957 3020 1022 3099 aer
1058 3016 1174 3100 hunri-

193 3199 196 3204 -
241 3148 330 3233 dus.
385 3145 502 3226 Mens
535 3142 694 3225 interim
725 3137 897 3224 assudio
934 3141 1081 3225 eodem
1107 3140 1178 3222 hu-

240 3271 340 3374 iusce
382 3273 437 3355 rei
479 3269 665 3379 pervicaci
708 3265 901 3349 avocanda
947 3268 1019 3368 est,
1058 3291 1176 3378 quam

240 3418 326 3479 tam
357 3389 549 3478 obstinati
576 3387 664 3475 ante*
682 3387 937 3474 vehementia
959 3390 1177 3501 ampiexata

145 3617 148 3621 ,
239 3528 378 3615 fuerat.
431 3525 561 3627 Quod‘
580 3524 742 3639 quidem
770 3527 833 3606 vix
854 3519 938 3604 fieri
957 3520 1086 3633 potest
1107 3521 1178 3636 fine

239 3654 423 3741 variarum
452 3654 704 3762 voluptatum
724 3647 989 3748 irritamentis,
1019 3641 1179 3756 perinde

1057 3786 1178 3878 atque
