2498 4358
264 261 343 377 De
370 257 623 372 Medicina
648 256 846 373 Mentis.
1079 269 1157 392 93Ι

82 432 191 551 quod
219 460 410 546 organum
452 437 612 550 aliquod
649 437 885 549 percipiendi
907 433 1030 522 obsr··

81 559 216 661 debat,
253 559 332 644 alii>
370 557 621 645 transferatur
633 599 644 659 ς
672 561 791 672 quale
830 564 874 669 ijs
911 561 1009 645 acci·

80 678 155 783 dit,
181 681 326 795 quibus
358 679 428 765 hic
448 681 610 796 quidem
635 703 744 794 parte
763 681 906 786 levati,
933 680 1008 767 alia

82 805 174 890 dein
195 825 377 918 gravetur
409 840 418 888 ε
447 807 651 894 Interdum
679 812 798 896 etiam
824 828 883 912 ut,
901 808 1011 921 quic·

82 931 181 1043 quid
199 935 440 1043 perceptioni
476 934 690 1036 obstiterat,
721 937 876 1046 penitus
894 933 1011 1018 tolla-

82 1075 149 1141 tur
176 1098 188 1157 ς
213 1055 254 1139 id
288 1054 396 1168 quod
428 1085 478 1142 ex
507 1057 642 1142 habitu
671 1058 854 1145 morbido
881 1060 922 1141 in
951 1054 1010 1142 sa·

83 1208 181 1268 num
231 1181 512 1269 transeuntibus
556 1176 778 1294 frequenter
807 1185 1009 1294 contingit.

83 1308 224 1405 Qualis
242 1307 402 1419 proinde
434 1311 604 1393 mutatio
642 1308 736 1394 licet
763 1307 889 1396 aliena
918 1306 1011 1394 huie
1081 1330 1085 1339 ·

83 1433 274 1535 videatur,
313 1436 381 1544 qui
416 1430 596 1518 diuturni
629 1438 888 1547 perceptionis
919 1432 1010 1519 laefi-

83 1584 162 1642 one
189 1550 341 1644 affeaus
365 1555 494 1659 fuerit,
520 1583 598 1641 non
632 1574 766 1642 tamen
796 1556 1017 1675 diversaest'

85 1674 109 1760 ai
141 1705 252 1764 more
282 1677 560 1765 senescentibus
586 1675 739 1765 ufitato.

145 1926 306 2012 Malum
342 1929 489 2012 interea
524 1922 751 2014 ducendum
782 1926 849 2026 est,
874 1922 1011 2012 sortitis
1027 1934 1143 2035 Maium

89 2049 213 2164 quim
241 2079 308 2162 par
346 2051 399 2135 est
441 2079 501 2136 res
538 2053 697 2164 percipi,
729 2048 889 2163 perinde
915 2077 959 2134 ac
984 2019 1185 2178 fiam,

87 2171 279 2286 torpidids
306 2207 315 2256 ε
373 2179 603 2285 Utrumque
628 2177 776 2287 quippe
808 2177 1011 2258 materiam
1028 2182 1109 2256 cim
1131 2200 1165 2240 a·

90 2318 320 2408 peccantem
353 2296 523 2382 indicare
549 2291 657 2402 solet,
684 2325 772 2411 quae
808 2294 873 2382 nifi
904 2322 1013 2379 amo·
1028 2259 1186 2421 mm

89 2443 241 2524 veatur,
266 2424 305 2503 in
330 2419 405 2505 hoc
436 2419 500 2504 vel
531 2418 630 2505 illud
667 2423 808 2505 vitium
837 2421 1016 2507 curritur.

90 2541 442 2647 Quemadmodum
482 2540 665 2626 fibrarum
707 2559 840 2645 tonus,
864 2541 930 2628 seu
959 2545 1016 2626 ni·

90 2675 168 2754 mis
206 2665 433 2752 intendatur
478 2662 542 2750 vel
583 2665 820 2765 remittatur,
871 2685 1015 2751 naturae

89 2793 231 2896 muniis
269 2784 477 2901 fungendis
513 2789 636 2898 impar
677 2786 816 2871 exinde
848 2788 1013 2873 evadit:

90 2918 222 3020 Quale
242 2916 281 2996 in
318 2913 456 3023 vigiliis
494 2911 749 3022 pertinacibus
775 2939 930 2997 cernere
948 2914 1017 3017 est,

91 3038 204 3154 aeque
224 3065 269 3121 ac
296 3039 336 3120 in
355 3034 533 3149 soporem
565 3036 823 3146 proclivitate.
878 3043 1016 3151 Atque

88 3168 148 3250 ita
159 3158 320 3276 quando
333 3159 381 3242 ad
394 3161 586 3268 fastigium
602 3155 768 3243 sanitatis
782 3184 1015 3272 perventum

89 3289 226 3387 fuerit,
250 3309 378 3393 neque
398 3279 503 3365 ultti
522 3280 701 3390 progredi
718 3281 847 3384 detur,
872 3284 1018 3365 attoni-

91 3414 124 3494 ti
158 3408 337 3492 homines
368 3401 481 3508 fiunt,
507 3398 572 3516 (a)
602 3424 751 3510 quorum
768 3401 816 3506 ό
832 3400 1019 3514 corpus&

139 3761 289 3873 orcus.
312 3765 353 3848 L.
391 3761 454 3836 111.
473 3785 502 3840 c.
531 3730 583 3841 ιε.
