2498 4358
262 221 340 331 De
367 210 614 330 Medicina
639 208 867 327 Manlia.
1050 240 1150 362 193

81 396 178 497 ilicis
230 409 416 492 nascentis
454 402 595 516 gressus
646 405 835 492 firmiores
873 403 1017 506 reddit,

80 535 201 650 quam
228 557 274 618 ut
301 539 395 648 saepe
429 533 478 616 de
514 531 597 616 casu
616 533 869 642 periclitetur,
894 527 1016 643 idque

81 661 244 772 periculi
264 677 311 743 ut
332 658 464 770 aperte
483 657 613 737 eidem
636 659 876 742 monstretur.
902 661 1016 752 Qua*

80 787 124 867 le
150 787 302 894 corpori
333 781 490 882 accidit,
517 781 612 863 dum
632 784 731 862 vires
764 780 916 888 colligit
935 803 1017 885 crea

81 905 158 991 bro
204 904 509 990 ambulationem
549 903 759 1005 tentando,
813 904 1017 1014 postquam

82 1034 274 1146 paulatim
306 1029 434 1114 fascias
464 1034 599 1128 exuit3
628 1026 780 1142 aliique
814 1027 901 1110 dein
934 1023 1016 1110 sub-

83 1157 174 1241 fidia
209 1161 246 1242 in
265 1154 377 1241 usum
408 1155 602 1256 ducendo,
629 1182 718 1267 quae
739 1158 910 1238 erebum
929 1178 1017 1262 pro-

83 1280 195 1392 gredi
214 1285 361 1386 juvent,
380 1277 855 1390 vacillansque'inhibeant
867 1316 890 1381 l
911 1278 1031 1382 cuius.

85 1404 225 1487 dehinc
256 1400 380 1513 lapsus
407 1405 447 1484 in
474 1401 686 1485 minoribus
717 1400 855 1483 leviter
885 1394 1019 1513 ferun*

84 1545 169 1626 tur,
195 1524 289 1609 dum
324 1554 373 1608 ex
406 1529 448 1630 ijs
476 1529 665 1634 graviores
696 1514 808 1607 vitari
843 1540 1020 1635 queantr

85 1650 183 1734 Tali
204 1646 289 1731 sane
313 1647 433 1731 modo
462 1654 501 1731 ἃ
521 1669 632 1729 mens
649 1644 728 1755 ipsa
748 1652 786 1732 in
806 1647 1024 1756 agilitatem

86 1773 156 1859 fibi
175 1777 367 1882 propriam
387 1771 581 1884 proclivis,
610 1798 713 1855 nunc
745 1771 822 1856 labi
849 1771 925 1857 fine
954 1768 1023 1853 cri·

90 1902 198 1984 mirre
224 1898 373 1981 fruenda
389 1939 400 1997 ς
443 1905 482 1982 &
513 1897 669 1982 labendi
705 1898 806 1984 levia
834 1897 1026 2006 ejusmodi

87 2021 229 2108 sentire
260 2018 522 2118 incommoda,
549 2029 629 2128 qub
664 2023 857 2128 graviores
888 2019 1023 2132 fugere

89 2141 233 2226 certilu
265 2163 412 2226 errores
445 2138 588 2238 discat;
617 2169 718 2227 nunc
750 2148 790 2228 δι
822 2170 922 2226 nova
955 2168 1026 2227 au·
1099 2198 1102 2203 -

91 2267 200 2367 dere,
227 2271 268 2349 &
301 2292 368 2376 per
390 2267 523 2346 itinera
550 2260 615 2344 fibi
645 2265 821 2350 nondum
847 2286 940 2351 nota
959 2292 1027 2352 ve·
1191 2290 1196 2299 ’

90 2416 182 2477 rum
215 2386 640 2500 requirerehortanda,
665 2387 748 2500 quo
780 2389 915 2476 clarius
944 2386 1027 2477 falli
1080 2368 1086 2383 ’

91 2512 210 2599 facies
230 2509 456 2609 innotescat,
483 2513 545 2595 uti
573 2517 612 2596 δι
642 2508 761 2620 quim
794 2508 903 2596 facile
934 2522 1026 2609 reoli

93 2633 218 2745 specie
252 2632 377 2744 decipi
416 2629 548 2745 polire,
587 2629 752 2733 addiscat
782 2639 822 2723 δι
852 2636 1029 2721 accurare

92 2778 244 2846 tenebit

153 3004 308 3119 Dehinc
329 3003 473 3094 fiducia
505 3006 647 3122 quaevis
674 3000 1030 3125 innmria'tentandl
1048 3028 1202 3093 Varatun-

95 3140 276 3242 exercere
318 3159 383 3242 par
418 3134 486 3234 eli,
524 3152 569 3215 ut
596 3124 789 3259 novitate)
824 3164 944 3250 quam
978 3136 1034 3222 nil
1046 3109 1142 3175 ‘'ml‘'

95 3261 182 3362 vitij
216 3252 438 3354 comitatur,
464 3283 535 3338 uec
554 3256 704 3365 stupeat
734 3262 806 3343 n'ec
822 3256 1033 3360 terreatur.

96 3385 311 3465 Enimvero
335 3380 486 3487 posthac
517 3375 632 3461 satius
651 3377 824 3466 futurum
845 3381 924 3485 eli,¹
940 3392 1034 3490 pue*

97 3506 214 3588 rilem
247 3520 404 3585 aetatem
438 3502 491 3585 nil
527 3504 681 3588 credere
716 3502 883 3608 difficile,
921 3508 1032 3620 quod

98 3652 179 3710 non
215 3628 435 3710 nociturum
468 3626 533 3725 est,
561 3635 600 3713 δι
631 3629 724 3711 nihil
759 3632 942 3733 alienum,
969 3629 1035 3717 nisr

100 3750 163 3834 cui
197 3748 349 3833 malum
393 3744 525 3832 subest.
579 3752 753 3864 Experiri
789 3753 906 3864 igitur
938 3751 1036 3864 quid

158 3882 161 3887 “
515 3879 555 3979 Q
871 3897 1042 3988 gratum,
