2498 4358
69 220 177 353 204

380 194 461 307 De
485 192 735 311 Medicina
753 197 957 333 'Mentisx

202 379 301 483 iem,
324 400 444 494 atque
476 378 675 481 scientiam
708 377 829 492 ipsam
861 378 1134 522 peritiamque,

204 524 254 589 ut
286 504 397 589 nihili
427 503 627 603 habeatur,
653 503 817 615 necquid
847 505 1048 619 momenti
1077 503 1134 619 se

204 623 469 713 cum.afferat
519 633 671 713 Interea
691 655 782 712 vero
792 655 877 741 quo
896 592 1133 741 magisqufi

201 750 312 857 piam
333 748 385 835 ad
401 751 514 835 utilia
533 749 789 862 conquirenda
805 742 1034 860 spectet,
989 766 1042 839 eo
1053 754 1136 849 mi

203 874 310 957 noris
336 874 451 960 dotes
480 875 553 964 suae
583 875 705 959 indies
734 872 800 957 fibi
835 858 1099 984 pendentur,
1090 881 1136 965 δι

105 986 114 1015 “
207 1000 294 1111 quo
310 998 399 1109 plus
414 1000 540 1084 laudis
553 1020 740 1100 meretur,
764 1027 816 1084 eo
794 976 1138 1111 difficiliorasen

206 1123 294 1220 riet,
337 1120 466 1234 qualia
511 1120 609 1203 bene
650 1124 817 1205 merenti
848 1100 1138 1269 permrnpendd

205 1236 307 1327 sunt
360 1241 533 1331 Profecto
560 1261 735 1326 mentem
762 1242 877 1327 laude
889 1271 1032 1355 revera
1015 1240 1139 1356 dig-¹

207 1392 299 1448 nam
329 1363 493 1448 reddere
523 1393 599 1449 non
630 1366 699 1465 est,
723 1362 791 1448 nih
816 1384 976 1475 tantum
1007 1386 1140 1475 atten-

207 1492 324 1576 tionis
354 1488 571 1603 laborisque
594 1488 822 1574 adhibeatur
845 1491 894 1575 ad
921 1466 1139 1604 eiplendos

179 1639 346 1757 *omnes
374 1612 629 1727 cognoscendi
659 1616 882 1761 appetitus,
895 1634 1020 1730 atque
1056 1621 1139 1720 ejus

208 1733 395 1851 asperiora
419 1734 613 1845 potienda,
641 1731 914 1848 tumentiaque
943 1738 1037 1823 dein
1053 1767 1140 1825 onr-

209 1865 274 1945 nia
306 1859 557 1966 deprimenda
587 1867 628 1944 &
645 1862 737 1943 vitia
756 1859 983 1969 castiganda,
1008 1880 1061 1951 ut
1076 1886 1141 1947 va·

207 1986 309 2071 nitas
341 1977 427 2064 rard
460 1980 595 2065 locum
626 1982 832 2067 inruente
863 1979 985 2093 probe*
1019 1981 1139 2093 milti,

206 2102 441 2245 scientidqpe
470 2131 599 2189 rerum
630 2105 792 2188 ditati
781 2109 959 2191 inveniat.
1014 2106 1138 2207 Quod

209 2228 237 2316 st
268 2224 407 2313 forte
397 2255 435 2309 m
461 2225 748 2337 preclarisviris
765 2226 839 2314 hoc
856 2233 939 2335 vitij
958 2226 1139 2335 homines

209 2351 307 2436 falso
331 2369 635 2462 conquerantur,
660 2353 881 2462 &quidem
901 2351 1137 2466 plerumque

210 2468 279 2582 (ut
297 2470 362 2585 fit)
380 2471 560 2556 omnibus
572 2471 647 2556 fine
666 2473 752 2556 ullo
773 2473 1023 2558 discrimine
1010 2502 1137 2587 impu·

211 2619 312 2703 tent,
336 2598 455 2704 iidem
487 2597 566 2681 fere
594 2596 693 2698 sunt,
719 2625 787 2709 qur
778 2598 937 2701 invidi,
959 2596 1136 2687 fimulac

208 2727 334 2837 ignavi
365 2727 465 2807 viam
489 2720 554 2804 fibi
584 2742 755 2831 apertam
771 2720 962 2834 nulloque
974 2726 1136 2837 negotio

209 2846 453 2930 monstratam
472 2844 610 2928 volunt
638 2843 685 2926 ad
699 2842 943 2956 ,sapientium
964 2832 1136 2961 templo

210 2999 298 3055 rum
325 2968 463 3078 adyta;
492 2993 536 3049 ac
554 2965 717 3052 honores
735 2970 822 3052 illos
840 2973 1043 3081 acquirere
1061 2954 1137 3061 stu·

212 3095 321 3197 dent,
347 3122 444 3208 quos
463 3092 624 3206 quidem
647 3094 753 3180 adire
774 3088 876 3176 hisce
896 3091 984 3177 solis
1003 3092 1060 3179 fas
1072 3096 1138 3197 eh,

212 3226 281 3336 qui
312 3218 335 3304 i
365 3218 500 3303 naturai
535 3217 815 3328 pulchrioribus
840 3220 956 3304 animi
981 3219 1137 3309 dotibus

213 3352 336 3433 ornati
367 3340 527 3427 aiiiduos
556 3342 751 3459 cogitandi
787 3341 938 3426 labores
969 3342 1136 3431 feliciter

210 3469 421 3581 perferunt.
475 3469 591 3550 Tales
622 3472 768 3576 quippe
802 3463 865 3576 (ut
891 3470 968 3570 jam
991 3467 1133 3581 ditium

210 3590 284 3699 est)
304 3592 500 3701 praeclaros
522 3589 740 3674 eruditione
759 3595 860 3675 viros
878 3610 1068 3704 tanquam
1081 3619 1132 3703 ar·

211 3733 389 3828 rogantes
409 3737 478 3802 aut
496 3741 613 3800 vanos
631 3733 764 3800 notare
786 3713 935 3824 semper
954 3710 1059 3827 soliti
1074 3713 1132 3828 iu·

1022 3854 1129 3921 erunt
