2498 4358
92 239 192 364 134
381 213 462 322 De
490 207 737 335 Medicina
760 207 960 324 Mentis.

230 393 393 476 culinres
411 396 506 502 agit,
533 419 577 474 ac
601 393 788 502 imagines
809 395 853 498 ijs
878 420 964 506 quae
990 394 1158 504 percipi-

231 537 347 601 untur
366 515 560 598 similiores
572 511 729 625 effingit,
753 523 803 602 eo
823 515 910 624 plus
929 515 1092 627 periculi
1108 515 1158 597 ab

232 668 361 725 errore
392 643 514 724 menti
540 643 736 741 imminet,
763 666 812 721 ne
843 642 1058 751 imaginem
1085 660 1154 750 pro

233 795 276 865 re
295 763 376 877 ipsi
397 763 665 874 amplctiatur.

58 1009 161 1104 ⁰⁰¹⁰'‚“
173 1003 216 1060 δ’·
292 1013 424 1096 Paucis
457 1013 613 1093 interim
655 1005 847 1120 perceptis
884 1008 963 1093 haec
1000 1007 1165 1095 facultas

54 1089 204 1242 iiiiii·
236 1134 335 1221 vnrie
362 1137 488 1218 utitur
517 1133 567 1215 ad
599 1159 716 1241 opera
748 1130 811 1215 sua
840 1129 1060 1235 formanda,
1087 1161 1165 1217 non

60 1247 197 1393 2223
239 1263 349 1344 aliter
381 1256 504 1372 quim
537 1261 657 1366 pidor
685 1286 733 1342 ex
754 1258 948 1346 coloribus
979 1259 1083 1345 haud
1111 1264 1165 1343 ita

63 1413 172 1472 'uenus
239 1385 374 1469 multis
419 1379 670 1473 direrfimodd
714 1386 925 1466 commistis
974 1387 1166 1497 imagines

60 1493 212 1636 ”mr
239 1512 457 1592 innumeras
483 1507 646 1591 reddere
664 1507 767 1614 potis
788 1509 853 1588 est.
897 1513 1002 1606 Quin
1021 1517 1063 1596 δι
1080 1533 1165 1620 quae

59 1590 77 1656 p
240 1665 289 1740 erg
311 1630 478 1717 maxime
506 1628 779 1742 communibus
805 1629 1080 1745 notiffimisque
1101 1631 1170 1714 de-

238 1759 461 1859 sumuntur,
487 1750 566 1833 haec
587 1748 777 1839 ,fortissime
799 1774 974 1837 mentem
994 1775 1169 1841 movent.

244 1883 409 1985 Proinde
428 1878 510 1989 quo
530 1877 681 1986 longius
699 1878 746 1958 ab
767 1875 867 1960 hisce
883 1878 1057 1967 deflestit
1076 1887 1171 1972 ima·

245 2008 427 2117 ginatrix‚
445 2000 496 2081 ed
516 2005 642 2084 minus
661 2004 799 2111 vigoris
818 2003 1003 2105 ostendit3
1031 2025 1170 2122 utpote

247 2159 333 2249 quae
354 2155 431 2214 non
459 2128 513 2208 ita
535 2124 665 2236 polim
684 2157 744 2211 res
763 2126 868 2231 facit,
894 2161 1021 2244 quum
1039 2133 1172 2219 noufit

248 2253 410 2363 ‚cujusvis
436 2278 500 2333 ens
519 2253 736 2364 intelligere
756 2284 824 2366 per
843 2254 1112 2344 similitudines
1128 2263 1174 2346 ab

247 2381 345 2464 hisce
367 2375 575 2475 desumus,
603 2405 690 2488 quae
718 2383 757 2461 in
786 2379 1033 2493 conspectum
1051 2389 1175 2471 omni-

246 2537 317 2596 um
348 2502 507 2587 minime
535 2505 709 2607 veniunt,
737 2505 858 2591 sedin
883 2511 1018 2619 abdito
1046 2511 1175 2620 paucis

248 2624 339 2716 notu
358 2634 495 2735 jacent.
555 2632 655 2710 Vera
677 2632 836 2740 proinde
854 2636 1090 2746 imaginandi
1121 2634 1176 2717 vis

247 2765 288 2863 in
310 2756 463 2836 deledu
482 2778 622 2832 eorum
643 2761 824 2857 cernitur,
851 2787 939 2868 quae
963 2760 1004 2839 in
1041 2750 1177 2840 naturi

250 2907 378 2969 rerum
399 2875 464 2955 fita
500 2894 566 2955 aut
585 2875 733 2984 vulgari
761 2879 848 2981 usu,
874 2901 939 2963 aut
956 2884 1081 2964 etiam
1113 2878 1200 2962 ho-¹

250 3007 400 3090 minum
416 3001 595 3108 opinione
616 2999 777 3083 celebria
797 3008 872 3108 jam
891 2999 988 3088 fana
1002 3005 1181 3119 frequen-

251 3152 311 3214 ter
330 3127 588 3211 attentionem
622 3129 818 3226 excitant3
857 3128 962 3212 unde
990 3128 1071 3239 ipsa
1089 3128 1182 3212 scili-

255 3275 318 3362 eet
342 3249 429 3365 sutis
457 3248 603 3358 ubique
624 3255 793 3358 cognita,
813 3251 861 3332 ad
891 3251 963 3335 alia
980 3251 1184 3361 aperienda

256 3396 376 3486 atque
405 3370 624 3454 illustranda
642 3365 729 3484 quae
746 3371 902 3456 obscura
923 3371 1023 3478 sunt,
1052 3373 1185 3460 dextri

256 3492 448 3605 transierri
469 3515 628 3606 queant.
684 3501 726 3579 In
755 3496 854 3581 hunc
888 3500 1058 3583 modum
1091 3504 1186 3582 ima-

213 3673 217 3682 ·
257 3620 409 3738 ginandi
432 3622 605 3732 potentia
626 3617 775 3700 colores
803 3619 1032 3733 figurisque,
1064 3620 1186 3725 sonos,

255 3742 417 3866 saporeS,
444 3745 583 3843 odores
615 3770 658 3828 ac
679 3742 884 3863 facultates
913 3768 1070 3832 caeteras
1104 3774 1186 3832 cor-

293 3881 302 3898 ”
403 3866 406 3873 ’
1030 3872 1187 3982 poribus
