2498 4358
267 200 345 309 De
376 196 626 316 Medicina
661 201 872 314 Mentis'
1071 227 1187 354 247

88 387 264 476 indolem
300 386 392 476 verd
424 384 661 498 generosam,
700 395 831 504 qualia
865 396 1032 485 Tacitus

90 519 155 608 sua
188 517 263 602 esse
296 514 363 602 sub
392 519 553 620 Traiani
586 515 754 627 auspiciis
782 519 909 606 docet.
963 527 1036 609 Her

89 648 249 729 interim
294 638 516 744 facultates,
554 668 642 754 quae
677 669 739 724 res
773 643 895 728 modo
945 661 1033 730 tam

89 768 224 879 amplo
259 765 609 877 comprehendunt,
650 768 911 877 plurimorum
944 795 1032 878 cap—

89 912 178 977 tum
191 888 363 1004 eousque
382 887 508 975 solent
528 887 733 992 excedere,
758 912 806 977 ut
834 897 897 977 vix
925 889 1031 977 ullos

90 1016 234 1101 nedum
260 1023 388 1100 redios
405 1015 546 1120 judices
573 1019 690 1098 nadiae
711 1015 932 1126 vulgarium
959 1014 1031 1129 ¹¹⁰².

90 1143 244 1226 minum
275 1138 427 1223 invidiae
445 1136 618 1220 obnoxiae
646 1135 930 1248 relinquantur,
957 1137 1029 1250 qui

90 1263 230 1350 dolum
245 1277 453 1375 opponunt
470 1259 513 1360 iis
531 1261 728 1361 omnibus,
755 1264 982 1375 quicunque
1001 1261 1027 1350 ai

90 1384 265 1498 partibus
282 1383 357 1470 suis
384 1382 476 1464 stare
506 1408 584 1465 non
612 1381 807 1469 videntur.
861 1388 917 1471 Ex
937 1391 1030 1500 qui·

90 1508 163 1593 bus
191 1507 372 1592 omnibus
405 1530 481 1586 non
510 1501 596 1586 rard
617 1507 761 1606 evenit,
785 1524 833 1588 ut
850 1533 1030 1618 compre·

89 1630 232 1730 henfio,
274 1630 522 1740 quantumvis
560 1625 654 1710 fines
692 1628 839 1712 eximie
881 1632 1028 1743 prolati

88 1749 250 1855 fuerint,
293 1750 359 1834 nifi
395 1746 547 1835 solertias
585 1749 694 1862 aeque
728 1749 859 1860 insigni
902 1751 1028 1843 semet

89 1896 266 1978 tueatur,
311 1893 498 1986 tanquam
539 1873 688 1955 inutilis
722 1871 922 1983 'habeatur
959 1878 1028 1964 de·

88 2001 244 2113 (penui,
276 2027 319 2084 ac
337 1995 429 2106 saepe
449 2017 634 2107 tanquam
651 2025 727 2081 non
741 1999 896 2084 innoxia
913 2003 1025 2089 dam-

89 2146 226 2221 netur;
243 2123 348 2207 unde
362 2124 432 2230 qui
445 2119 586 2211 eadem
600 2116 773 2222 dotatur,
784 2118 879 2212 hanc
897 2124 1025 2221 celare¹

89 2244 137 2330 ed
158 2246 207 2328 de
223 2271 263 2328 re
284 2261 458 2355 cogatur.

144 2490 252 2584 Hisce
269 2468 403 2577 autem
426 2486 613 2599 praemissas
634 2491 757 2577 veluti
778 2491 910 2599 causrs,
927 2500 1023 2607 quai·
1039 2540 1189 2631 ΨΜ,

88 2647 130 2705 re
150 2609 528 2726 comprehensionem
541 2610 747 2699 hominum
768 2618 913 2699 variam
936 2619 1021 2730 dig·
1037 2641 1149 2704 comtu-

89 2741 244 2828 noscere
264 2741 301 2819 in
326 2732 477 2844 fingulis
496 2737 559 2818 vix
578 2732 688 2836 licet,
716 2742 754 2820 &
775 2734 852 2850 qud
871 2742 1022 2826 ratione
1040 2710 1133 2790 ἂψ·

87 2865 208 2950 isthaec
236 2858 286 2944 ad
313 2859 423 2942 instar
455 2859 533 2966 agri
560 2859 636 2939 toti
670 2861 884 2944 communis
914 2862 1020 2973 plebi

87 2983 249 3079 minimi
270 2982 422 3079 cultum
442 2980 677 3094 exquisitum
695 2982 898 3084 admittit,
928 3015 1020 3096 pro·
1120 3056 1139 3067 ..
1157 3056 1170 3065 ..
1193 3040 1199 3053 ·

87 3107 338 3224 grediendum
358 3101 407 3187 ad
426 3101 503 3212 ipsa
529 3102 769 3208 fundamina,
795 3108 936 3215 quibus
956 3112 1023 3215 inq

86 3239 238 3334 nititur,
264 3250 310 3315 ut
346 3226 484 3314 exinde
519 3246 694 3329 eruatur,
733 3233 860 3338 qualis
894 3229 1020 3341 reipxi

85 3353 360 3464 experimentis
396 3347 673 3470 adinveniatur.
728 3349 1019 3460 Compleoiitur

84 3473 170 3562 sane
203 3472 284 3559 haec
321 3471 483 3559 facultas
502 3551 505 3558 ,
521 3488 676 3554 caeteras
706 3499 838 3555 omnes
876 3477 1019 3559 mentis

84 3597 295 3687 factritates
311 3595 525 3706 eadamque
541 3593 666 3697 dotes,
681 3595 916 3711 videturque
933 3599 1028 3685 illa,

85 3748 173 3824 rum
210 3718 346 3828 vesuti
366 3715 475 3820 stur,
508 3722 567 3831 dr,
593 3711 789 3842 quousque
828 3717 867 3806 se
899 3722 1021 3831 porri3

472 3846 590 3952 Rq
906 3858 1025 3962 gunt,
