2498 4358
101 226 207 332 216
398 230 479 342 De
503 228 756 346 Medicina
777 231 983 350 Mentis.
1054 357 1058 360 ,

239 424 321 528 aliis
348 417 521 509 affinibus
553 421 878 536 congeneribr'rsve
914 422 973 506 his
1007 439 1077 507 aut
1103 418 1186 502 illis

243 552 357 633 rebus
373 546 425 630 de
442 547 586 660 'quibus
599 546 802 650 subjudice
820 551 897 650 jam
917 548 968 630 lis
984 547 1055 648 est,
1072 542 1187 626 disse-

242 699 328 759 rere
366 701 467 781 opus
495 672 564 773 est,
587 671 701 784 quod
720 671 881 756 scilicet'
892 671 953 759 nil
968 693 1186 755 commune

245 796 477 878 intercedat.
529 797 660 892 Quale
680 799 867 899 ratiocinii
881 821 1005 902 genus
1023 792 1189 902 fimpsex

246 914 545 999 ivenatoribus
582 918 774 1000 tributum
809 918 861 997 est
901 915 1067 999 canibus
1103 912 1191 1012 suis,

247 1036 344 1118 dum
376 1067 425 1118 ex
454 1037 578 1118 tribus
605 1042 673 1140 vijs
700 1042 738 1118 in
760 1034 1001 1147 conspectum
1024 1037 1188 1118 venien-

246 1158 368 1263 tibus,
392 1189 459 1270 per
484 1189 582 1272 quas
600 1163 704 1246 ferus
723 1163 876 1245 tranfire
894 1165 1088 1274 potuerit,
1114 1159 1190 1245 du·

247 1287 344 1370 abus
377 1312 485 1368 nares
517 1287 1065 1396 indagat1·icesadmoveant;
1095 1281 1186 1366 acfi

246 1411 401 1519 vestigia
430 1437 501 1491 nec
521 1406 581 1492 hic
601 1438 673 1492 nec
691 1413 773 1495 illic
794 1411 986 1510 redolent,
1016 1437 1089 1520 per
1108 1428 1186 1491 ter-

245 1536 357 1636 tiam,
384 1560 471 1645 quae
499 1531 577 1616 sola
602 1534 753 1645 reliqua
772 1555 918 1636 manen*
945 1537 1183 1615 intentatam

248 1652 411 1741 fidenter
438 1652 690 1739 transcurrere
710 1655 879 1738 soleant:
909 1657 1031 1756 Quafi
1047 1685 1097 1741 ex
1115 1658 1185 1739 tri·

246 1782 320 1869 bus
352 1783 499 1865 duabus
530 1781 688 1881 demtis,
723 1782 883 1878 tertiam
916 1780 993 1878 fine
1028 1804 1184 1881 contro:

244 1907 362 1992 verfii
380 1904 527 2017 ingredi
541 1901 702 1988 ndssent.

74 2197 230 2256 naraana·
303 2136 442 2268 itaque
471 2173 589 2264 prout
608 2180 718 2236 mens
736 2180 797 2235 res
814 2152 888 2237 etse
908 2153 1088 2258 diversas,
1115 2155 1181 2238 ves

70 2280 164 2412 dyst
247 2279 400 2365 easdem
421 2306 465 2362 ac
484 2279 574 2360 alias
594 2279 780 2377 decernit,
805 2276 853 2360 fic
874 2284 997 2362 etiam
1012 2285 1180 2362 rationes

71 2377 227 2499 2222}ss
247 2426 378 2484 earum
413 2429 461 2484 ex
478 2400 554 2482 illis
573 2401 719 2484 infert:
747 2406 840 2494 Quo
856 2412 967 2512 padto
988 2407 1120 2486 evenit
1132 2421 1177 2485 ut

245 2527 445 2610 ratiocinia
466 2523 600 2607 abhoc
627 2517 707 2634 ipso
726 2523 835 2606 some
854 2532 1043 2627 oriantur,
1071 2527 1176 2640 quod

246 2679 330 2734 rem
364 2677 482 2733 unam
510 2679 555 2734 ac
576 2650 663 2731 dein
684 2649 846 2731 alteram
864 2682 909 2734 ex
928 2652 998 2734 illi
1019 2652 1178 2764 cognos-

246 2773 341 2853 cat:
370 2771 488 2864 Quod
521 2769 605 2855 sane
636 2777 698 2856 vix
730 2771 835 2854 aliud
861 2774 1032 2876 videtur,
1059 2775 1175 2890 quam

247 2921 461 2975 numerare.
516 2893 638 2977 Unde
669 2895 797 3007 liquet
826 2894 921 2984 hanc
944 2898 1175 2995 sactdtatem

245 3014 269 3098 ai
301 3030 466 3099 numero
489 3035 621 3122 petere
647 3046 725 3100 non
746 3019 868 3102 modo
889 3027 987 3105 vires
1006 3026 1091 3126 alijs
1114 3028 1175 3113 de·

247 3137 493 3238 monstrandi,
521 3137 584 3218 sed
616 3148 654 3225 &
684 3140 731 3227 ab
760 3143 904 3225 eodem
936 3145 1026 3227 satis
1045 3154 1173 3259 agnito

247 3264 428 3370 pendere,
458 3287 502 3342 ac
534 3259 718 3369 primario
746 3265 881 3346 exinde
900 3265 1057 3350 deduci.
1113 3273 1173 3356 Ad

248 3414 411 3495 quarum
441 3382 601 3492 proinde
624 3383 852 3492 fingusarum
868 3391 1056 3471 notitiam
1078 3389 1174 3503 spec·

246 3527 307 3588 tat
334 3503 460 3589 causas
491 3504 705 3605 advertere,
733 3535 781 3589 ex
805 3508 948 3618 quibus
973 3514 1076 3596 inter
1102 3513 1171 3596 sese

245 3627 456 3735 discrepare
487 3628 549 3708 vel
576 3627 716 3708 eodem
737 3628 859 3724 modo
879 3631 1019 3715 habere
1036 3655 1172 3718 notum

243 3753 313 3857 fit3
340 3754 525 3861 quoniam
544 3753 740 3848 ratiocinia
764 3751 865 3838 hisce
882 3775 1072 3868 tanquam
1089 3757 1172 3842 fun·

973 3875 1174 3965 -damentis
