2498 4358
70 86 165 333 178

363 191 441 300 De
467 187 716 307 Medicina
742 191 943 310 Mentis.

202 382 317 468 rebus
344 408 559 493 congruum
587 381 816 483 reddendo;
843 379 1136 496 quoniamlicdt

203 506 347 592 exinde
393 535 476 592 rem
523 510 650 620 quivis
689 507 789 592 clare
822 528 957 590 tenere
998 503 1140 618 posset,

204 630 290 742 plus
303 649 435 713 tamen
450 633 658 742 requiritur
671 650 719 715 ut
731 629 813 734 aliis
825 627 994 714 distinere
1012 648 1139 740 atque

204 753 385 862 explicite
415 754 558 837 tradat.
620 751 739 840 Unde
770 749 996 862 scriptorem
1021 778 1138 861 opor·

204 895 264 959 tet
283 903 358 958 non
378 875 502 959 modo
523 904 657 958 omnes
675 877 891 984 argumenti
910 893 1040 982 partes
1062 872 1140 957 cal·

205 1003 297 1102 lere,
326 997 460 1085 verum
485 1001 622 1082 itidem
638 998 780 1109 fingula
800 1026 843 1081 ea
858 999 1024 1099 sumina,
1051 1001 1140 1112 qui*

205 1125 278 1208 bus
305 1152 404 1234 opus
433 1123 500 1224 est,
526 1141 573 1206 ut
596 1121 801 1207 commode
819 1121 1031 1208 tenoribus
1050 1149 1142 1234 pro·

204 1267 349 1359 ponnt5
378 1242 482 1329 sectis
512 1248 591 1328 vim
627 1243 733 1328 suam
764 1243 842 1358 ipsis
870 1240 995 1328 forsan
1022 1240 1143 1331 trans

148 1462 150 1467 ,
203 1369 377 1457 missrone
420 1371 606 1483 deponat,
633 1398 677 1455 ac
711 1370 830 1454 debili
863 1369 1141 1484 languidoque

202 1499 324 1584 modo
363 1519 518 1581 mentes
560 1499 699 1581 alienas
734 1500 871 1607 agitet.
923 1500 1142 1583 Enimvero

205 1623 307 1713 clare
334 1652 378 1706 ac
403 1620 601 1734 perspicue
625 1650 685 1704 res
714 1619 864 1732 fingulae
884 1620 1139 1733 nugularum·

203 1781 285 1865 que
298 1750 551 1861 proprietates
566 1746 814 1855 praevidendae
830 1743 931 1848 sunt,
957 1769 1008 1832 ut
1028 1773 1140 1833 mens

200 1874 343 1960 idonee
377 1868 476 1956 sensa
509 1873 571 1955 sua
605 1873 686 1974 alijs
713 1900 779 1982 per
813 1868 949 1977 scripta
979 1871 1136 1985 pandat.

203 1999 264 2082 Ac
293 1995 454 2105 proinde
485 1998 587 2077 inter
623 1998 790 2078 rationes
807 1994 1026 2081 utilissimas
1041 1996 1147 2103 judi·¹

200 2152 287 2209 cem
316 2118 517 2230 castigandi
541 2139 660 2230 atque
675 2119 945 2232 incorruptum
964 2118 1136 2207 servandi

199 2241 386 2329 recenseri
423 2262 595 2325 meretur
624 2241 831 2326 sententias
856 2244 904 2327 ab
927 2244 1013 2356 ipso
1038 2247 1133 2332 latas

201 2363 316 2479 plene*
361 2364 485 2446 verbis
517 2360 741 2464 describere,
768 2393 811 2447 ac
844 2365 936 2450 dein
971 2369 1131 2478 experiri

201 2489 321 2605 qudm
344 2490 481 2572 leviter
494 2489 659 2571 alienam
681 2508 855 2570 mentem
877 2490 1006 2577 isthaec
1027 2494 1131 2579 editu

200 2617 238 2696 in
258 2615 389 2695 lucem
409 2631 586 2720 tangunt,
611 2636 695 2720 quae
716 2630 795 2692 tam
811 2608 937 2693 vivide*
957 2609 1066 2694 suam
1081 2612 1130 2695 se·

198 2741 317 2818 rinnt.
373 2739 599 2832 Qrinetinm
620 2755 666 2818 ut
684 2732 835 2843 fingula·
854 2735 994 2838 judicia
1016 2740 1130 2820 literis

197 2856 399 2964 prodendo
429 2855 562 2938 claritis
590 2879 845 2962 conceptnrus
872 2858 942 2961 est,
967 2861 1025 2940 ita
1055 2858 1126 2942 haet

38 2958 44 2989 ι’
111 2982 114 2987 ’
196 2985 274 3098 ipsu
309 2977 618 3089 recognoscendo
638 2982 840 3091 postquam
864 2979 932 3062 diu
952 2978 1127 3067 asservata

133 3124 137 3137 .
197 3114 353 3209 fuerint>
379 3125 500 3214 atque
535 3104 661 3205 ardor,
687 3133 807 3215 quem
838 3104 1063 3189 meditandi
1079 3111 1127 3193 la·

197 3227 488 3328 borsuscitdrnt,
515 3228 782 3334 restinguitur,
809 3227 951 3309 evadet
965 3230 1124 3315 demum

196 3355 387 3467 judicandi
406 3354 577 3462 peritior,
605 3352 765 3459 perinde
785 3373 905 3462 utque
920 3357 959 3435 in
982 3356 1122 3469 scriptis

196 3482 269 3565 suis
294 3475 545 3559 emendandis
558 3474 756 3557 oculatior.
814 3477 936 3573 Quod
955 3479 982 3561 sr
999 3485 1121 3564 iteres
1172 3480 1174 3485 ’

196 3602 327 3714 quoad
349 3599 483 3708 scripta
504 3593 566 3677 sua
585 3594 737 3695 habeat,
765 3623 890 3706 quum
909 3602 987 3701 jrm
1009 3601 1118 3687 mimi

193 3721 438 3807 vehementia
456 3717 655 3820 resederit,
681 3720 868 3830 quidnam
884 3722 935 3806 de
955 3729 1117 3810 aliorum

319 3857 323 3867 '
683 3874 686 3883 ’
1028 3846 1116 3956 judi·
