2498 4358
105 219 209 357 276
396 217 476 325 De
512 211 774 325 Medicina
799 218 1002 355 sistatis

242 421 310 505 per
330 406 421 488 talia
433 402 565 489 transt
581 398 741 487 subinde
761 404 966 488 advertere
988 404 1061 506 esi,
1083 407 1185 516 quoss

245 525 368 611 modo
395 556 499 612 arma
527 529 730 615 medicinae
748 550 952 640 geruntur,
976 557 1024 639 ac
1049 557 1185 642 paran-

244 666 334 735 tur:
363 653 421 740 At
449 655 535 764 quis
554 652 771 737 eorundem
796 651 885 738 usus
903 672 1052 738 naturae
1071 654 1189 740 dieta-

245 777 299 857 tis
319 773 538 886 respondet,
569 795 688 887 atque
713 777 907 861 auxilium
931 777 1066 859 eidem
1086 776 1190 863 ferre

246 894 343 981 solet
355 941 366 1000 ς
413 905 454 985 &
493 896 621 1010 qualis
651 901 767 1008 tegit,
802 895 1005 1010 qualisque
1044 920 1189 1000 nocet3

242 1019 343 1107 illud
361 1017 450 1109 sane
469 1019 628 1106 medico
648 1019 811 1132 dignum
829 1049 931 1134 opus
948 1024 1016 1106 est-

69 1240 222 1391 &2¹¹ssss
298 1271 449 1356 Interea
467 1268 622 1356 medica
642 1265 822 1378 sagacitas
856 1269 1019 1387 angustis
1047 1273 1187 1353 termi-

65 1407 205 1511 saraftus
244 1392 304 1476 nis
337 1422 417 1480 non
443 1392 600 1493 finitur;
642 1392 777 1477 veritm
808 1421 878 1504 per
911 1393 1060 1506 triplex
1087 1393 1188 1477 isiud

72 1492 182 1553 '‘¹¹¹“
246 1544 413 1628 regnum
433 1519 554 1630 vulgi)
575 1521 819 1604 nominatum
839 1517 967 1605 ubivis
995 1539 1188 1604 terrarum

247 1641 434 1729 Animale
454 1641 598 1729 scilicet
617 1643 853 1755 Vegetabile
884 1670 930 1727 ac
954 1641 1189 1731 Mineraleai

248 1769 388 1855 naturai
407 1770 605 1856 recondita
624 1769 827 1877 explorat:
871 1767 932 1854 Ac
953 1768 1054 1856 dum
1085 1771 1190 1855 varia

248 1913 391 1979 naturae
411 1920 526 2004 opera
550 1894 599 1978 ab
629 1890 839 1977 artificibus
868 1895 906 1976 in
938 1892 1028 1978 usus
1058 1893 1190 1977 honri-

249 2038 346 2099 num
376 2014 625 2128 adaptantur,
652 2012 824 2098 advertit
843 2011 1021 2126 sagacitas
1037 2039 1203 2097 eorum*

247 2131 415 2241 affectus,
442 2136 630 2254 discitque
650 2136 778 2222 obiter
797 2141 894 2252 quid
911 2158 1039 2239 nocet,
1067 2135 1188 2249 quid·

250 2288 299 2344 ve
325 2260 498 2368 prodest:
542 2263 666 2376 quue
698 2289 776 2346 non
796 2258 921 2345 modi>
938 2280 985 2344 ut
1014 2256 1188 2372 ipsorum

251 2390 367 2473 malis
396 2388 560 2493 mederi,
588 2390 653 2476 sed
683 2398 722 2475 δι
753 2387 893 2472 exinde
931 2385 1072 2470 indicia
1099 2417 1188 2470 mu-

249 2515 350 2596 tuari
377 2532 513 2624 queat,
539 2540 626 2624 quae
653 2511 815 2598 univers
850 2513 1001 2622 generis
1029 2509 1186 2598 humani

248 2634 473 2719 commodis
491 2655 631 2718 vertat.
685 2640 729 2719 In
762 2634 865 2721 hunc
898 2628 980 2716 fere
1016 2632 1185 2717 modum

250 2752 372 2867 sagaci
400 2757 556 2840 medico
587 2757 811 2870 ubicunque
842 2753 1027 2857 uersatur,
1053 2755 1188 2839 indicia

251 2900 460 2966 occurrunt
471 2921 483 2979 ς
511 2879 722 2992 aliquisque
736 2881 822 2964 huic
842 2880 882 2962 in
899 2879 1012 2960 malis
1029 2878 1188 2992 perinde

255 3033 300 3089 ac
321 3003 431 3090 bonis
449 3001 538 3088 usus
556 3002 628 3087 esse
649 3004 761 3090 solet.
814 3000 1014 3089 Praesentia
1041 3007 1190 3113 quippe

255 3128 433 3243 fignando
454 3155 546 3214 cunr
564 3130 768 3240 praeteritis
793 3123 960 3228 confert,
996 3127 1090 3210 inde
1122 3154 1191 3238 per

256 3257 413 3366 vestigia
430 3252 480 3337 ad
494 3251 621 3340 sutura
634 3252 783 3364 pergit;
812 3248 1025 3360 eadimque
1043 3253 1191 3335 iterum

256 3378 412 3489 vestigia
439 3379 614 3486 requirit,
638 3375 794 3487 quoties
826 3372 932 3455 idem
962 3399 1096 3463 rerum
1129 3373 1192 3456 ha·

257 3498 361 3584 bitus
391 3498 612 3609 eadsmque
646 3495 824 3583 conditio
854 3517 1058 3607 apparent.
1114 3503 1191 3581 Ve-

260 3617 347 3706 rtim
366 3623 550 3734 quoniam
569 3645 707 3709 omnes
725 3619 922 3702 medicina
934 3641 1080 3730 partes,
1094 3649 1190 3731 prae-

261 3744 363 3831 clara
393 3745 573 3832 omnium
607 3741 853 3857 medicorum
879 3771 997 3857 opera
1015 3742 1191 3829 totidem

1055 3893 1192 3953 erem-
