2498 4358
252 222 332 338 Dc
358 218 612 337 Medicina
639 222 829 337 Mancia
1048 245 1148 370 179

79 414 228 522 iudiciis
262 414 362 494 circa
401 410 478 493 hac
511 408 771 515 statuendum,
799 441 899 524 quos
936 434 1014 499 non

80 533 235 650 semper
263 532 456 618 nobismet
484 562 627 646 aequos,
655 565 731 620 non
752 535 904 646 semper
923 566 1016 647 praea

78 664 232 777 judiciis
246 679 389 746 vacuos
406 658 545 744 habete
561 688 632 771 par
650 663 733 744 est?
760 660 841 748 Hcic'
862 664 911 747 de
927 691 1016 748 cau-

80 783 127 868 sa
152 806 355 895 'nunquam
384 777 473 866 satis
489 783 683 868 laudanda
704 787 757 868 est
776 788 1017 896 imaginatioe

82 911 146 993 nis
195 934 326 1018 opera,
366 908 680 1019 quandocunque
719 913 833 996 nutui
874 913 1017 995 mentis

81 1031 239 1145 prontte
261 1049 396 1142 pareat
408 1072 420 1130 ς
447 1031 521 1115 fine
541 1029 621 1143 qud
639 1030 803 1117 facultas
823 1031 1018 1138 judicandi

82 1146 365 1270 exquisitissima
390 1159 495 1239 intra
528 1155 622 1239 fines
648 1160 824 1268 angustos
850 1165 1017 1242 coarcta*

82 1280 215 1379 bitut3
259 1305 348 1393 quae
390 1299 521 1363 tamen
560 1280 690 1382 adjuta
729 1283 1017 1392 imaginationis

81 1402 280 1514 elegantia
300 1401 380 1485 sat&
408 1404 555 1485 lumina
575 1403 729 1505 disjicit,
758 1401 1019 1514 splendorem

83 1553 168 1639 que
201 1523 311 1611 suum
342 1524 509 1610 aliorum
533 1529 732 1611 mentibus
753 1528 1019 1612 collucentem

82 1646 209 1737 videt.
261 1651 340 1733 Istae
358 1642 516 1748 scilicet,
529 1677 615 1761 quac
630 1651 811 1733 flammas
830 1647 1018 1752 ejusmodi

84 1803 167 1862 non
186 1775 423 1883 concipiunt,
451 1771 674 1883 frequenter
693 1771 826 1856 lumen
848 1774 1020 1856 alienum
1159 1843 1162 1850 ,

85 1897 260 1998 referire,
287 1893 490 2007 radiosque
519 1893 610 1978 licdt
639 1900 677 1979 vi
704 1895 858 2008 proprii
885 1893 1023 2007 glorias-

87 2048 170 2135 que
202 2015 329 2103 mimis
356 2021 478 2103 claros
500 2024 700 2103 remittere
719 2041 921 2132 poterunt.
975 2027 1020 2106 In

87 2144 194 2229 hunc
227 2141 395 2226 modum
414 2140 594 2254 fiquando
613 2165 840 2251 argumenta
860 2141 934 2226 esse
953 2146 1025 2225 arie

89 2268 143 2352 da
171 2265 289 2380 judici
312 2263 529 2367 videantur,
557 2261 730 2348 diffluere
750 2266 867 2349 docet
887 2267 1024 2372 imagi·

89 2396 225 2490 nati03
254 2418 341 2503 quac
372 2391 504 2495 jejunis
531 2390 669 2472 itidem
706 2396 857 2500 copiam
879 2385 1024 2489 sufficit,

89 2516 232 2626 frigida
266 2513 433 2614 calfacit,
459 2521 498 2598 δι
527 2512 692 2596 calentia
712 2514 908 2624 refrigerat
930 2555 940 2612 3
967 2533 1026 2594 te-

92 2646 187 2728 nuia
222 2635 409 2740 incrassat,
434 2639 495 2723 vel
526 2635 696 2721 crassrora
725 2656 927 2737 attenuat3
957 2637 1027 2719 hu*

92 2766 207 2855 milia
243 2765 362 2865 tollit,
389 2766 452 2863 vel
485 2768 523 2847 in
557 2762 683 2846 altum
710 2786 848 2871 practer
867 2763 922 2848 fas
945 2790 1028 2850 tec-

92 2891 265 2999 tsrmque
299 2895 338 2970 &
370 2885 474 3001 quafi
507 2916 574 2997 per
606 2907 801 2972 tumorem
837 2890 940 2973 elata
979 2889 1027 2970 ad

94 3014 330 3130 aequabilem
345 3032 486 3095 natura
499 3000 641 3098 sortem
656 3014 837 3121 deprimit
848 3009 1032 3099 coarctat·
1192 3044 1197 3049 ·

95 3166 194 3256 que.
1153 3164 1156 3171 ¹

156 3397 217 3478 Ex
232 3387 388 3476 adverso
407 3389 538 3473 deficit
556 3388 682 3493 judex,
709 3387 870 3503 quando
892 3391 1031 3498 maiora
1045 3441 1120 3505 pm,
1135 3440 1204 3521 ψ),

97 3521 165 3601 vel
201 3523 364 3617 minora,
392 3519 499 3625 plura
530 3517 592 3598 vel
632 3517 809 3626 pauciora
844 3513 1034 3622 admittit,
1048 3526 1114 3588 am.

101 3636 224 3754 quam
244 3639 292 3722 ad
321 3643 455 3742 jussam
475 3639 529 3722 rei
548 3635 859 3745 magnitudinem
881 3661 953 3727 aut
973 3668 1038 3724 na·

102 3783 204 3848 turae
240 3766 406 3849 modum
445 3762 679 3846 conducant.
734 3765 857 3871 Hujus
890 3769 1036 3878 quippe

519 3891 560 3975 N
590 3914 616 3990 2,
958 3889 1040 3974 loci
