2490 4290
245 178 338 288 Dr
342 170 607 285 Medicina
632 175 832 288 Mentis
1047 202 1077 287 2
1085 180 1151 325 53

76 393 122 454 rc
139 363 244 481 priris
274 362 351 467 effe
381 362 536 474 nequit.
589 360 685 446 Inde
718 354 889 475 primum
912 344 1014 451 illud

78 473 382 601 [undamentum
411 486 558 590 juditiis
576 481 824 569 substernitur
851 483 1016 588 futuris;

78 614 128 698 ad
148 640 268 726 quam
288 609 392 725 quafi
417 634 597 691 normam
625 628 764 693 catera
795 606 931 714 judicis
948 611 1019 701 de·

77 755 192 824 treta
210 739 312 848 exigi
301 730 496 842 poffunt.
548 735 754 816 Maneat
743 735 861 844 igitur
887 731 1020 835 fixum,

80 856 179 942 nihil
200 855 303 969 poiie
321 857 430 941 idem
449 856 564 941 simui
583 852 659 938 ess'e
684 863 724 942 δι
750 852 919 968 p'riotem
947 884 1020 943 nu·

68 1007 238 1066 merum
271 987 312 1066 δι
349 980 608 1121 posteriorem.
664 981 826 1091 Quippe
858 977 896 1063 hi
936 977 1020 1064 duo

82 1103 360 1188 contradicunt
391 1102 502 1186 srbi
490 1104 673 1204 invicem,
717 1099 863 1187 scilicet
900 1128 1021 1187 unam

84 1247 332 1336 partomi
265 1228 453 1314 residuam
485 1225 562 1312 effe
596 1227 792 1339 aequalem
826 1227 1020 1314 summam

85 1350 138 1452 ei,
163 1377 251 1464 qoae
279 1351 480 1436 conficitur
495 1351 641 1493 enipsa
660 1377 705 1433 ac
730 1355 877 1436 caeteris
895 1338 1022 1436 tribur

84 1474 255 1582 adjectis.
308 1477 367 1560 Ar
381 1475 407 1557 st
423 1475 569 1557 caeteris
588 1472 712 1558 tribus
728 1500 805 1558 una
822 1473 1026 1580 reddatur,

87 1600 235 1684 iterum
291 1625 380 1710 qua
424 1598 500 1682 fuit
539 1595 631 1684 anti
669 1617 828 1710 apparet
863 1596 1027 1682 summa.

85 1727 190 1810 Hinc
230 1749 416 1808 numeros
450 1724 488 1804 in
521 1746 662 1834 genera
700 1726 867 1835 partitur
903 1738 1030 1836 mens*

88 1866 210 1961 prout
243 1846 350 1934 varie
378 1846 561 1936 addendo
592 1843 660 1935 vel
689 1845 979 1941 irbducendo
967 1872 1028 2005 m·

90 1973 280 2060 dicantur
449 2012 451 2017 ⁸

147 2231 349 2322 Nimirum
381 2235 572 2348 gradatim
608 2264 720 2321 mens
753 2220 941 2351 puerilis
951 2234 1031 2320 haec
1047 2232 1140 2330 Apin
1111 2234 1178 2392 ῳξζ

93 2361 405 2474 comprehendit,
430 2391 516 2475 quae
538 2383 656 2470 prout
684 2361 789 2446 ad
753 2373 931 2475 vagorem
948 2390 1032 2467 ma·
1015 2318 1149 2462 diff
1123 2417 1154 2461 a

92 2484 268 2591 turescit,
295 2484 363 2572 usu
383 2486 518 2599 longo,
544 2507 735 2600 tanquam
757 2509 901 2574 natura
919 2485 1032 2598 ipius
1048 2496 1206 2558 emon.

92 2608 236 2720 judicia
254 2601 386 2709 effen't,
412 2608 513 2693 aden
545 2600 836 2713 confirmantur,
861 2628 909 2694 ut
921 2608 1135 2723 plania·
1114 2658 1117 2663 ·
1178 2621 1200 2724 ᾗ

94 2733 238 2830 nesciat
262 2733 401 2819 horum
432 2738 701 2844 cognitionem
741 2729 814 2817 effe
857 2734 1035 2826 habitum
1074 2826 1077 2833 ,

96 2856 342 2972 acquisitum,
359 2853 424 2940 sed
438 2886 486 2941 ex
502 2857 636 2943 naturi
654 2855 719 2942 sui
738 2863 1035 2972 provenientem

97 2977 290 3094 agnoscat.
345 2983 410 3082 nt,
434 2978 463 3090 st
497 3008 575 3063 non
610 2982 713 3066 ultra
751 2982 817 3067 illa
851 2982 1038 3096 fimplicia
1128 3049 1130 3053 .
1197 2989 1205 3017 ²

97 3101 382 3218 progrediatur,
409 3128 487 3183 non
515 3101 657 3211 magni.
670 3100 805 3207 refert,
830 3103 963 3189 utrum
980 3098 1039 3191 ha

96 3223 355 3338 'cognoscendi
385 3248 529 3308 normae
555 3224 671 3311 infitae
715 3227 934 3330 credamur,
972 3226 1039 3313 vei

96 3379 149 3436 ex
169 3352 306 3442 naturd
338 3349 513 3466 sponte
509 3355 633 3437 ortaet
683 3352 761 3438 Sed
792 3352 955 3468 quando
989 3348 1041 3440 ad

98 3476 174 3562 alia
194 3479 327 3589 porro
339 3475 655 3582 transducentur,
682 3484 723 3563 δι
742 3504 871 3594 rerum
893 3481 1040 3565 naturis
1097 3506 1100 3511 ·

99 3601 371 3711 implicentur,
397 3623 440 3684 ac
459 3599 666 3687 homines
645 3630 670 3688 a
683 3629 775 3688 vero
790 3629 917 3689 rerum
933 3593 1038 3686 sensu

101 3719 155 3829 in
160 3736 308 3813 ettores'
334 3721 480 3840 sedutti
504 3726 675 3843 fuerint,
715 3725 806 3816 dein
834 3724 921 3814 sane
946 3750 1039 3809 con·

843 3844 1037 3936 sideranda
