2498 4358
249 248 330 358 oe
366 237 618 360 Mariana
637 198 845 353 Menas·
1028 264 1142 352 221

78 439 171 527 ciam
190 441 356 523 tertium
390 436 491 523 illud
514 435 627 539 cuiua
646 462 765 547 opera
749 431 1018 536 ostenditur,

80 561 161 680 qud
187 565 339 648 ratione
358 590 419 645 res
439 561 526 648 duae
544 559 593 645 ad
612 544 679 646 sc
669 565 836 646 invicem
856 558 1017 660 habent,

81 688 294 804 aliquando
314 686 427 771 latius
447 685 653 800 aliquando
683 681 874 799 angustius
902 689 1020 774 intel·

81 811 240 927 ligatur,
266 830 386 921 prout
404 810 571 924 idipsum
597 811 790 898 diversum
824 814 878 897 est
907 808 1020 897 falla·
1149 918 1151 923 .

82 942 144 1022 oia
174 938 216 1020 in
251 937 548 1020 ratiocinantem
585 936 735 1021 incidit.
788 939 877 1024 Nec
912 934 1021 1023 aliud

84 1057 133 1146 fit
166 1086 292 1172 quum
329 1057 555 1167 exemplum
594 1056 661 1144 vel
704 1059 923 1173 aliquidr
897 1057 923 1142 s
925 1058 1022 1141 male

85 1201 341 1297 proponatur,
367 1182 475 1294 quod
495 1179 580 1268 sane
598 1206 671 1295 pro
688 1183 835 1268 eodem
861 1211 939 1270 non
957 1185 1021 1273 ul

87 1307 150 1392 tra
168 1306 404 1409 habendum,
430 1305 552 1420 quarn
581 1305 794 1415 eiusdem
784 1335 916 1422 rmago
945 1309 1023 1396 esse

86 1437 294 1550 cognitum
312 1429 446 1518 fuerit.

145 1688 241 1778 Quo
258 1688 370 1826 patto
383 1680 538 1770 fallacia
551 1682 866 1770 ratiocinantibus
880 1681 1023 1769 eodem
1035 1708 1127 1780 aaa,
1127 1717 1157 1776 r,

89 1802 222 1891 ferd
194 1827 272 1893 ntu
289 1809 475 1919 imponit,
498 1836 581 1922 quo
608 1811 899 1923 praestigiatores
927 1802 1055 1894 visust
1035 1801 1190 1963 aasz}

92 1929 322 2044 decipiendo
337 1930 486 2035 solent,
513 1957 605 2018 narn
625 1938 788 2020 tertium
806 1936 907 2023 illud
921 1936 1023 2021 clan-
1007 1903 1119 2047 ηιμ.
1094 1893 1157 1960 '⁸⁷'

92 2053 231 2141 culum
249 2053 492 2161 subducitur,
517 2056 743 2171 aliudque
732 2087 770 2144 rn
787 2064 867 2169 ejus
888 2063 1025 2149 locunt

92 2203 277 2292 tanquam
304 2180 412 2284 idam
439 2179 694 2284 substituitur,
731 2203 779 2268 ut
807 2180 895 2269 ab
870 2210 927 2295 qr,
950 2210 1028 2295 qua

95 2305 194 2392 clara
218 2301 322 2416 sunt,
347 2301 423 2414 ipsa
442 2320 506 2415 per
524 2301 598 2416 sese
626 2306 844 2416 (monente
871 2314 938 2428 (a)
959 2319 1042 2413 Ci,

94 2430 268 2543 cetone)
296 2419 396 2539 quafi
405 2426 589 2544 praesligijt
605 2424 813 2543 quibusdum
844 2435 892 2539 (φ
917 2442 1031 2552 capri.

45 2635 48 2643 .
95 2557 221 2648 onibus
240 2555 467 2672 depellamur.
519 2558 848 2648 animadvertere
864 2569 959 2653 verb
977 2571 1032 2654 est

96 2684 273 2772 versutos
311 2685 395 2769 doli
427 2683 591 2769 artifices
622 2682 712 2770 raro
750 2688 862 2801 aequb
900 2688 1033 2778 fallere

99 2808 280 2927 potuisse,
307 2841 350 2897 ac
377 2811 536 2925 quando
566 2809 689 2897 socios
709 2817 931 2922 concilient,
957 2818 1035 2903 foa·

100 2934 251 3050 diisque
290 2937 549 3048 paciscantur,
592 2938 710 3042 cujur
740 2940 888 3024 virtute
923 2970 1036 3029 mens

100 3060 270 3173 suspicax
291 3057 466 3168 undique
498 3058 730 3163 obfideatur,
756 3089 800 3145 ac
825 3069 1041 3153 communis

102 3187 228 3279 sensus
245 3181 410 3296 speciem
430 3185 567 3271 induta
591 3181 696 3270 fraus
720 3186 910 3273 valentius
929 3190 1040 3278 delu-
1154 3297 1156 3301 Ι

101 3319 154 3404 da
241 3310 308 3399 nd
345 3311 518 3395 eundem
565 3306 650 3394 sana
684 3309 851 3396 modurn
888 3309 1040 3405 fallacia

104 3465 187 3528 verr
217 3453 340 3549 optat.
354 3433 537 3549 speciem,
576 3431 784 3544 induitque
812 3438 892 3522 ido
931 3436 1039 3551 quas
