2498 4358
256 216 630 339 DrMcdr'cina
656 212 855 333 Mentis.
1055 204 1157 354 317

83 426 186 512 Hinc
222 437 427 534 propterea
446 433 534 499 orta
560 412 614 496 est
634 411 878 520 ingeniorum
899 405 1022 489 distri·

83 550 211 648 butio,
251 571 339 657 quae
378 541 441 625 vel
479 539 608 623 liberis
650 536 714 620 vel
744 532 857 618 servis
887 558 1023 617 accen·

86 673 241 760 sentur:
283 672 375 751 Haec
394 661 461 749 vel
479 663 573 748 talio
604 657 690 744 sunt
708 657 856 758 naturd,
884 658 949 742 vel
976 656 1024 738 li-

89 796 286 878 bertatem
305 788 497 899 pristinam
526 783 751 884 amiserunt3
791 782 859 865 illa
890 774 1027 863 naturd

89 916 178 1002 sunt
211 915 344 1015 libera,
380 931 530 997 arnon
561 906 780 1019 fineculpd
812 901 878 993 sui
912 901 1045 987 servi-¹

91 1061 223 1127 tutem
259 1043 469 1151 patiuntur.
523 1035 613 1121 Alia
644 1032 784 1117 itidem
818 1030 1030 1116 mediocria

93 1160 317 1276 frequenter
347 1177 570 1260 occurrunt,
598 1185 685 1269 quae
704 1184 774 1242 nec
800 1176 932 1242 totam
953 1153 1029 1237 ser-

95 1290 263 1373 vitutem
303 1288 384 1400 pati
417 1281 598 1395 podium,
642 1308 715 1365 nec
749 1299 880 1366 totam
918 1277 1033 1364 libet·

98 1430 239 1496 tatem.

159 1659 311 1743 Morbis
347 1656 486 1741 itidem
525 1682 571 1740 ea
591 1656 768 1741 ‘libertas
806 1661 1038 1769 praeciditur,
1054 1707 1092 1767 Ε,
1105 1702 1202 1763 m„

105 1808 148 1866 ac
181 1810 462 1895 nonnunquam
493 1778 644 1890 prorsus
671 1785 890 1885 amittitur3
918 1784 1038 1898 idque

106 1905 362 1993 diverfimode
395 1905 550 1991 accidit.
603 1908 668 1990 Est
697 1912 803 1991 enim
841 1909 910 1991 ubi
942 1936 1040 1993 nun·

105 2059 226 2142 quam
260 2033 388 2139 postea
421 2032 635 2141 recipitur3
676 2033 730 2114 est
750 2034 816 2117 ubi
848 2033 1042 2144 aliquate-

107 2186 192 2260 nus,
219 2183 296 2240 non
315 2175 451 2238 tamen
484 2157 523 2236 in
543 2159 755 2265 integrum.
808 2158 941 2242 Morbi
973 2160 1063 2241 vo-¹

108 2281 169 2383 ri),
210 2309 279 2392 per
317 2308 419 2393 quos
456 2279 585 2364 liberae
623 2279 713 2364 huic
750 2279 931 2369 facultati
967 2284 1042 2368 eise

108 2433 189 2490 non
216 2409 319 2508 licet,
346 2424 416 2492 aut
447 2409 472 2510 ij
499 2404 601 2507 sunt,
639 2410 710 2518 qui
741 2404 787 2492 fa.
800 2410 947 2495 ultates
975 2414 1045 2494 aii·

108 2556 208 2640 quas
235 2533 379 2612 mentis
410 2525 594 2632 afficiunt,
618 2532 682 2613 vel
713 2532 860 2619 tollunt
872 2577 883 2634 ;
924 2515 1046 2647 idque

111 2675 182 2741 aut
215 2654 319 2739 statis
350 2653 597 2764 temporibus
622 2656 818 2764 periodice*
850 2648 1049 2770 recurren-

115 2780 182 2884 do,
207 2796 277 2864 aut
306 2806 375 2888 per
405 2781 510 2861 vices
541 2779 731 2863 incertasr
777 2785 1048 2877 Quemadmo.

114 2902 212 2987 dum
250 2906 384 3014 prioris
432 2898 539 2985 casus
584 2904 770 3012 exemplo
812 2903 899 2994 sunt
934 2909 1051 2994 febris

116 3030 408 3126 intenuitten53
452 3027 517 3109 cui
555 3049 624 3131 per
660 3030 906 3144 paroxysnros
942 3043 1053 3127 cerrb

118 3149 337 3238 reversuros
384 3148 610 3263 frequenter
648 3150 827 3240 delirium
876 3142 1052 3266 accidit}

121 3296 171 3360 ut
198 3284 239 3361 δι
265 3271 466 3386 Epilepfia,
492 3272 595 3377 cujus
620 3272 763 3362 insultu
786 3264 964 3367 'durante
988 3310 1054 3368 co·

121 3401 268 3514 girandi
296 3399 451 3482 libertas
487 3398 686 3482 adimitur.
740 3399 804 3483 fist
834 3404 954 3485 eriam
984 3407 1053 3491 ubi

122 3553 172 3610 ea
190 3522 346 3609 libertas
370 3519 591 3634 praeciditur
610 3549 680 3633 per
701 3524 947 3612 acceffionem
967 3533 1053 3613 uui·

122 3675 228 3752 cam,
252 3645 372 3760 quale
396 3649 436 3728 in
462 3643 718 3757 Apopleoict
746 3652 939 3750 cernitur3
967 3672 1056 3757 quae

931 3773 1059 3865 modo
