2498 4358
127 213 228 347 197.-
422 178 503 307 Dc
527 183 780 311 Medicina
806 178 1001 313 Menai

245 379 336 496 ipsa
365 389 539 489 ,tutiores
567 384 655 490 sint,
680 383 747 470 sed
766 373 807 474 a
828 384 1082 481 dumlnaruur
1099 392 1186 475 tarr-¹

210 565 212 569 -
247 510 344 595 dem
364 509 491 598 usibus
505 509 656 623 plenius
670 508 888 597 inserviant.
910 615 913 621 ι
1032 568 1038 575 -

292 742 364 847 'Ex
391 785 476 870 quo
501 758 550 844 fit
579 779 627 844 ut
662 757 896 859 rudimenta,
920 782 1011 870 qua
1041 757 1189 847 teretia

246 883 507 992 subjiciuntur5
534 904 665 971 curam
694 901 917 969 mereantur
944 884 1187 983 maxima-mg

245 1012 389 1118 utpote
419 1037 469 1093 eu
499 1007 643 1121 quibus
674 1009 807 1092 omnia
826 1005 979 1121 reliqua
1002 1007 1098 1091 vitta
1117 1004 1188 1095 hu-

247 1155 366 1213 mana
385 1129 659 1215 emolumenta
675 1137 921 1217 extruuntur.
975 1128 1188 1243 Siquidem

246 1250 328 1339 haec
344 1245 514 1339 facultas
531 1254 734 1337 ‘exercitari
751 1252 892 1360 potest,
915 1248 1188 1337 srindiscrirni·

248 1375 372 1458 natini
393 1379 504 1488 pueri
522 1403 592 1489 per
608 1374 728 1462 'ludos
746 1377 896 1489 quavis
915 1395 991 1460 nun
1012 1377 1189 1484 tapiuuti

248 1499 387 1611 uerum
416 1505 458 1591 iu
481 1505 652 1589 rationes
669 1507 850 1588 omnium
866 1504 1091 1616 inquirunt,
1117 1527 1189 1586 nee

246 1621 459 1714 finecausa
476 1625 631 1740 cogniti
658 1631 779 1712 etiam
800 1631 840 1710 iu'
865 1625 952 1735 ipfis
974 1624 1188 1711 versantun

247 1754 359 1856 Quin
394 1750 719 1842 &hallucinatio
756 1749 952 1862 perpetui)
990 1752 1100 1834 iuter
1126 1748 1188 1833 lu·

228 1874 427 1965 'dendum
477 1881 559 1983 jure
612 1875 918 1986 reprehenditur,
966 1880 1007 1960 δι
1039 1872 1187 1985 singula

246 1998 351 2085 recti
379 2003 538 2110 cognita
562 2000 721 2085 laudem
742 2021 968 2088 merentur:
1011 1997 1109 2099 Qua
1127 2022 1187 2083 rai

246 2109 363 2206 tione'
389 2125 558 2206 attentio
591 2126 733 2208 mentis
763 2121 937 2224 excitari,
964 2125 1029 2208 uti
1056 2127 1098 2208 &
1119 2148 1186 2205 cu·

246 2243 345 2331 ri'osa
377 2246 608 2348 eorundem,
633 2274 722 2361 quae
755 2245 806 2332 ad
838 2242 968 2331 lusum
999 2242 1187 2354 spefiann
1229 2304 1233 2313 .

247 2367 382 2457 utrum
415 2366 544 2451 felicia
576 2369 639 2451 vel
674 2368 911 2479 inauspicata
943 2367 1186 2479 consequan-

131 2506 134 2511 ’
172 2489 179 2515 ’“
209 2504 213 2509 “
246 2508 326 2596 rur,
353 2488 553 2576 sciscitatio
572 2495 772 2599 provocari
790 2491 927 2603 potest.
981 2487 1103 2574 Hisce
1121 2516 1186 2575 ves

249 2624 296 2706 τὸ
327 2614 434 2704 lusus
466 2611 672 2724 generibus
703 2613 832 2701 idonei
866 2631 913 2698 ut
940 2609 1187 2724 frequentius

247 2739 421 2825 interfinr
455 2739 565 2847 pueri
596 2737 815 2844 optandum
834 2736 949 2838 foret,
975 2756 1022 2819 ut
1041 2740 1108 2827 ubi
1128 2768 1185 2823 er·

247 2865 326 2946 rori
355 2858 604 2972 undiquique
621 2857 731 2942 locus
751 2860 810 2962 srt,
837 2869 877 2947 &
902 2880 946 2942 ut
969 2861 1096 2972 qualis
1110 2857 1186 2946 elle

248 2984 348 3073 solet
372 2983 545 3096 potistve
571 2981 694 3066 oculis
725 2986 862 3069 tenelli
882 2983 1019 3090 judicis
1038 2989 1186 3096 aperia-

247 3130 324 3198 tur.
378 3114 489 3197 Tum
509 3106 602 3192 veri>
620 3105 674 3190 ibi
694 3111 948 3213 mouendum,
974 3130 1020 3194 ut
1036 3111 1184 3195 indices

249 3240 340 3322 resii
359 3233 656 3347 perscrutentur,
668 3233 900 3350 videintque
915 3233 1038 3348 qui-m
1059 3260 1184 3346 prope

187 3351 190 3358 ⁵
248 3391 395 3447 errores
409 3361 552 3446 semita
567 3360 615 3442 ad
630 3386 764 3449 verum
783 3358 967 3440 ducentes
980 3355 1059 3441 srtae
1072 3357 1182 3457 sunu

250 3479 469 3595 quantique
490 3482 700 3571 similitudo
721 3506 867 3581 earum,
885 3503 969 3586 quae
987 3481 1027 3562 in
1046 3477 1183 3563 salsum

249 3608 517 3709 terminantur,
544 3628 660 3713 atque
688 3603 834 3706 harum,
861 3626 945 3709 qua
966 3599 1096 3685 versus
1115 3628 1183 3710 po·

251 3732 390 3816 moena
412 3725 782 3814 veritatistendunt.
836 3725 994 3831 Qrippe
1013 3722 1110 3825 nihil
1129 3727 1182 3826 ju·

1088 3850 1182 3931 dicis
