<?xml version="1.0" encoding="UTF-8"?>
<!DOCTYPE html PUBLIC "-//W3C//DTD XHTML 1.0 Transitional//EN"
    "http://www.w3.org/TR/xhtml1/DTD/xhtml1-transitional.dtd">
<html xmlns="http://www.w3.org/1999/xhtml" xml:lang="en" lang="en">
 <head>
  <title>
</title>
<meta http-equiv="Content-Type" content="text/html;charset=utf-8" />
  <meta name='ocr-system' content='tesseract 3.04.00' />
  <meta name='ocr-capabilities' content='ocr_page ocr_carea ocr_par ocr_line ocrx_word'/>
</head>
<body>
  <div class='ocr_page' id='page_1' title='image "./robertiwelstedd00welsgoog_0211.png"; bbox 0 0 2498 4358; ppageno 0'>
   <div class='ocr_carea' id='block_1_1' title="bbox 270 191 1179 364">
    <p class='ocr_par' dir='ltr' id='par_1_1' title="bbox 270 191 1179 364">
     <span class='ocr_line' id='line_1_1' title="bbox 270 191 1179 364; baseline -0.061 -43"><span class='ocrx_word' id='word_1_1' title='bbox 270 195 350 306; x_wconf 77' lang='lat' dir='ltr'><em>De</em></span> <span class='ocrx_word' id='word_1_2' title='bbox 377 191 628 312; x_wconf 78' lang='lat' dir='ltr'><em>Medicina</em></span> <span class='ocrx_word' id='word_1_3' title='bbox 655 193 857 309; x_wconf 83' lang='lat' dir='ltr'><em>Mentis.</em></span> <span class='ocrx_word' id='word_1_4' title='bbox 1071 191 1179 364; x_wconf 45' lang='lat'><em>367.</em></span> 
     </span>
    </p>
   </div>
   <div class='ocr_carea' id='block_1_2' title="bbox 85 374 1095 1375">
    <p class='ocr_par' dir='ltr' id='par_1_2' title="bbox 85 374 1095 1375">
     <span class='ocr_line' id='line_1_2' title="bbox 92 374 1031 498; baseline -0.019 -20"><span class='ocrx_word' id='word_1_5' title='bbox 92 388 222 498; x_wconf 76' lang='lat' dir='ltr'><em>Cuius</em></span> <span class='ocrx_word' id='word_1_6' title='bbox 241 385 384 493; x_wconf 69' lang='lat' dir='ltr'><em>diderit</em></span> <span class='ocrx_word' id='word_1_7' title='bbox 404 385 556 473; x_wconf 86' lang='lat' dir='ltr'><em>causam</em></span> <span class='ocrx_word' id='word_1_8' title='bbox 570 380 746 495; x_wconf 71' lang='lat' dir='ltr'><em>proxime</em></span> <span class='ocrx_word' id='word_1_9' title='bbox 763 374 1031 464; x_wconf 80' lang='lat' dir='ltr'>antecedentia</span> 
     </span>
     <span class='ocr_line' id='line_1_3' title="bbox 91 499 1032 615; baseline -0.02 -17"><span class='ocrx_word' id='word_1_10' title='bbox 91 512 318 615; x_wconf 77' lang='lat' dir='ltr'><em>declarant3</em></span> <span class='ocrx_word' id='word_1_11' title='bbox 346 509 400 596; x_wconf 90' lang='lat' dir='ltr'><em>Ut</em></span> <span class='ocrx_word' id='word_1_12' title='bbox 433 510 525 596; x_wconf 87' lang='lat' dir='ltr'><em>euim</em></span> <span class='ocrx_word' id='word_1_13' title='bbox 552 505 657 593; x_wconf 73' lang='lat' dir='ltr'><em>brem</em></span> <span class='ocrx_word' id='word_1_14' title='bbox 681 502 884 590; x_wconf 77' lang='lat' dir='ltr'><em>mortalium</em></span> <span class='ocrx_word' id='word_1_15' title='bbox 902 499 1032 615; x_wconf 80' lang='lat' dir='ltr'><em>volup-</em></span> 
     </span>
     <span class='ocr_line' id='line_1_4' title="bbox 91 618 1032 747; baseline -0.013 -29"><span class='ocrx_word' id='word_1_16' title='bbox 91 653 152 721; x_wconf 82' lang='lat' dir='ltr'><em>tas</em></span> <span class='ocrx_word' id='word_1_17' title='bbox 171 633 389 747; x_wconf 79' lang='lat' dir='ltr'><em>adaugetur,</em></span> <span class='ocrx_word' id='word_1_18' title='bbox 415 635 470 718; x_wconf 84' lang='lat' dir='ltr'><em>ita</em></span> <span class='ocrx_word' id='word_1_19' title='bbox 495 629 585 745; x_wconf 78' lang='lat' dir='ltr'><em>saul</em></span> <span class='ocrx_word' id='word_1_20' title='bbox 605 629 705 714; x_wconf 87' lang='lat' dir='ltr'><em>hurai</em></span> <span class='ocrx_word' id='word_1_21' title='bbox 730 644 880 742; x_wconf 70' lang='lat' dir='ltr'><em>preceps</em></span> <span class='ocrx_word' id='word_1_22' title='bbox 897 618 1032 708; x_wconf 82' lang='lat' dir='ltr'><em>decidit</em></span> 
     </span>
     <span class='ocr_line' id='line_1_5' title="bbox 85 748 1030 876; baseline -0.011 -31"><span class='ocrx_word' id='word_1_23' title='bbox 85 777 232 876; x_wconf 80' lang='lat' dir='ltr'><em>propter</em></span> <span class='ocrx_word' id='word_1_24' title='bbox 256 759 357 846; x_wconf 82' lang='lat' dir='ltr'><em>rebus</em></span> <span class='ocrx_word' id='word_1_25' title='bbox 389 754 468 872; x_wconf 78' lang='lat' dir='ltr'><em>ipfis</em></span> <span class='ocrx_word' id='word_1_26' title='bbox 501 756 594 844; x_wconf 78' lang='lat' dir='ltr'><em>ruald</em></span> <span class='ocrx_word' id='word_1_27' title='bbox 621 754 805 868; x_wconf 79' lang='lat' dir='ltr'><em>consonum</em></span> <span class='ocrx_word' id='word_1_28' title='bbox 836 748 1030 864; x_wconf 83' lang='lat' dir='ltr'><em>judicium,</em></span> 
     </span>
     <span class='ocr_line' id='line_1_6' title="bbox 89 879 1028 998; baseline -0.011 -26"><span class='ocrx_word' id='word_1_29' title='bbox 89 883 287 996; x_wconf 73' lang='lat' dir='ltr'><em>mentisque</em></span> <span class='ocrx_word' id='word_1_30' title='bbox 312 886 497 998; x_wconf 86' lang='lat' dir='ltr'><em>quandam</em></span> <span class='ocrx_word' id='word_1_31' title='bbox 528 883 791 972; x_wconf 83' lang='lat' dir='ltr'><em>alienationem.</em></span> <span class='ocrx_word' id='word_1_32' title='bbox 845 886 904 968; x_wconf 87' lang='lat' dir='ltr'><em>Ex</em></span> <span class='ocrx_word' id='word_1_33' title='bbox 928 879 1028 964; x_wconf 89' lang='lat' dir='ltr'><em>hisce</em></span> 
     </span>
     <span class='ocr_line' id='line_1_7' title="bbox 90 998 1028 1126; baseline -0.004 -29"><span class='ocrx_word' id='word_1_34' title='bbox 90 1013 259 1126; x_wconf 82' lang='lat' dir='ltr'><em>proinde</em></span> <span class='ocrx_word' id='word_1_35' title='bbox 292 1015 415 1100; x_wconf 88' lang='lat' dir='ltr'><em>tribus</em></span> <span class='ocrx_word' id='word_1_36' title='bbox 441 1012 697 1099; x_wconf 86' lang='lat' dir='ltr'><em>facultatibus</em></span> <span class='ocrx_word' id='word_1_37' title='bbox 714 1036 820 1094; x_wconf 86' lang='lat' dir='ltr'><em>error</em></span> <span class='ocrx_word' id='word_1_38' title='bbox 839 998 1028 1109; x_wconf 76' lang='lat' dir='ltr'><em>nascitur3</em></span> 
     </span>
     <span class='ocr_line' id='line_1_8' title="bbox 90 1132 1095 1248; baseline -0.003 -27"><span class='ocrx_word' id='word_1_39' title='bbox 90 1139 178 1248; x_wconf 87' lang='lat' dir='ltr'><em>qui,</em></span> <span class='ocrx_word' id='word_1_40' title='bbox 204 1136 268 1221; x_wconf 83' lang='lat' dir='ltr'><em>nist</em></span> <span class='ocrx_word' id='word_1_41' title='bbox 301 1134 416 1243; x_wconf 84' lang='lat' dir='ltr'><em>judex</em></span> <span class='ocrx_word' id='word_1_42' title='bbox 445 1141 625 1248; x_wconf 85' lang='lat' dir='ltr'><em>corrigat,</em></span> <span class='ocrx_word' id='word_1_43' title='bbox 649 1161 720 1248; x_wconf 89' lang='lat' dir='ltr'><em>per</em></span> <span class='ocrx_word' id='word_1_44' title='bbox 737 1134 934 1218; x_wconf 86' lang='lat' dir='ltr'><em>ratiocinia</em></span> <span class='ocrx_word' id='word_1_45' title='bbox 955 1132 1029 1219; x_wconf 88' lang='lat' dir='ltr'><em>du·</em></span> <span class='ocrx_word' id='word_1_46' title='bbox 1092 1162 1095 1166; x_wconf 87' lang='lat'>·</span> 
     </span>
     <span class='ocr_line' id='line_1_9' title="bbox 89 1257 1026 1375; baseline -0.004 -33"><span class='ocrx_word' id='word_1_47' title='bbox 89 1259 207 1363; x_wconf 86' lang='lat' dir='ltr'><em>citur,</em></span> <span class='ocrx_word' id='word_1_48' title='bbox 236 1259 447 1375; x_wconf 72' lang='lat' dir='ltr'><em>omnidque</em></span> <span class='ocrx_word' id='word_1_49' title='bbox 466 1257 657 1370; x_wconf 90' lang='lat' dir='ltr'><em>ejusmodi</em></span> <span class='ocrx_word' id='word_1_50' title='bbox 675 1257 909 1344; x_wconf 74' lang='lat' dir='ltr'><em>conturbat·</em></span> <span class='ocrx_word' id='word_1_51' title='bbox 1023 1304 1026 1308; x_wconf 27' lang='lat' dir='ltr'><strong><em>ss</em></strong></span> 
     </span>
    </p>
   </div>
   <div class='ocr_carea' id='block_1_3' title="bbox 80 1503 1202 3723">
    <p class='ocr_par' dir='ltr' id='par_1_3' title="bbox 80 1503 1202 3723">
     <span class='ocr_line' id='line_1_10' title="bbox 131 1503 1202 1620; baseline -0.002 -28"><span class='ocrx_word' id='word_1_52' title='bbox 131 1509 244 1592; x_wconf 82' lang='lat' dir='ltr'><em>Non</em></span> <span class='ocrx_word' id='word_1_53' title='bbox 276 1514 381 1595; x_wconf 88' lang='lat' dir='ltr'><em>enim</em></span> <span class='ocrx_word' id='word_1_54' title='bbox 414 1511 452 1594; x_wconf 91' lang='lat' dir='ltr'><em>in</em></span> <span class='ocrx_word' id='word_1_55' title='bbox 490 1505 745 1592; x_wconf 89' lang='lat' dir='ltr'><em>ratiocinandi</em></span> <span class='ocrx_word' id='word_1_56' title='bbox 787 1503 1024 1590; x_wconf 85' lang='lat' dir='ltr'><em>facultatem</em></span> <span class='ocrx_word' id='word_1_57' title='bbox 1043 1534 1202 1620; x_wconf 57' lang='lat' dir='ltr'><em>anau..</em></span> 
     </span>
     <span class='ocr_line' id='line_1_11' title="bbox 89 1623 1184 1762; baseline -0.002 -47"><span class='ocrx_word' id='word_1_58' title='bbox 89 1628 211 1716; x_wconf 74' lang='lat' dir='ltr'><em>aliuro</em></span> <span class='ocrx_word' id='word_1_59' title='bbox 229 1659 337 1717; x_wconf 88' lang='lat' dir='ltr'><em>error</em></span> <span class='ocrx_word' id='word_1_60' title='bbox 376 1631 526 1734; x_wconf 85' lang='lat' dir='ltr'><em>incidit,</em></span> <span class='ocrx_word' id='word_1_61' title='bbox 568 1630 686 1744; x_wconf 75' lang='lat' dir='ltr'><em>quim</em></span> <span class='ocrx_word' id='word_1_62' title='bbox 728 1634 797 1743; x_wconf 89' lang='lat' dir='ltr'><em>qui</em></span> <span class='ocrx_word' id='word_1_63' title='bbox 832 1628 856 1712; x_wconf 82' lang='lat' dir='ltr'><em>a</em></span> <span class='ocrx_word' id='word_1_64' title='bbox 897 1628 1023 1733; x_wconf 80' lang='lat' dir='ltr'><em>judice</em></span> <span class='ocrx_word' id='word_1_65' title='bbox 1043 1623 1184 1762; x_wconf 45' lang='grc' dir='ltr'><em>ξῖζαῖζῑξ</em></span> 
     </span>
     <span class='ocr_line' id='line_1_12' title="bbox 86 1727 1193 1872; baseline 0.004 -32"><span class='ocrx_word' id='word_1_66' title='bbox 86 1735 266 1872; x_wconf 67' lang='lat' dir='ltr'><em>caiusque</em></span> <span class='ocrx_word' id='word_1_67' title='bbox 294 1761 494 1872; x_wconf 78' lang='lat' dir='ltr'><em>pervenit:</em></span> <span class='ocrx_word' id='word_1_68' title='bbox 526 1757 660 1870; x_wconf 72' lang='lat' dir='ltr'><em>Eique</em></span> <span class='ocrx_word' id='word_1_69' title='bbox 688 1783 798 1840; x_wconf 88' lang='lat' dir='ltr'><em>mens</em></span> <span class='ocrx_word' id='word_1_70' title='bbox 823 1757 950 1840; x_wconf 85' lang='lat' dir='ltr'><em>utitur</em></span> <span class='ocrx_word' id='word_1_71' title='bbox 974 1751 1024 1840; x_wconf 87' lang='lat' dir='ltr'><em>ad</em></span> <span class='ocrx_word' id='word_1_72' title='bbox 1043 1727 1193 1861; x_wconf 58' lang='lat' dir='ltr'><em>„autad-⁹</em></span> 
     </span>
     <span class='ocr_line' id='line_1_13' title="bbox 84 1866 1181 1994; baseline 0.004 -32"><span class='ocrx_word' id='word_1_73' title='bbox 84 1877 296 1984; x_wconf 83' lang='lat' dir='ltr'><em>inserenda,</em></span> <span class='ocrx_word' id='word_1_74' title='bbox 323 1884 453 1994; x_wconf 89' lang='lat' dir='ltr'><em>qualia</em></span> <span class='ocrx_word' id='word_1_75' title='bbox 486 1890 525 1965; x_wconf 94' lang='lat' dir='ltr'><em>in</em></span> <span class='ocrx_word' id='word_1_76' title='bbox 556 1882 702 1988; x_wconf 82' lang='lat' dir='ltr'><em>judicijs</em></span> <span class='ocrx_word' id='word_1_77' title='bbox 725 1885 835 1966; x_wconf 79' lang='lat' dir='ltr'><em>rearis</em></span> <span class='ocrx_word' id='word_1_78' title='bbox 855 1877 1025 1990; x_wconf 86' lang='lat' dir='ltr'><em>pravisve</em></span> <span class='ocrx_word' id='word_1_79' title='bbox 1043 1866 1181 1934; x_wconf 72' lang='lat' dir='ltr'><em>caturca.</em></span> 
     </span>
     <span class='ocr_line' id='line_1_14' title="bbox 85 2002 1028 2113; baseline 0 -23"><span class='ocrx_word' id='word_1_80' title='bbox 85 2002 169 2090; x_wconf 85' lang='lat' dir='ltr'><em>sola</em></span> <span class='ocrx_word' id='word_1_81' title='bbox 192 2009 456 2091; x_wconf 88' lang='lat' dir='ltr'><em>continentur.</em></span> <span class='ocrx_word' id='word_1_82' title='bbox 511 2007 637 2113; x_wconf 84' lang='lat' dir='ltr'><em>Cujus</em></span> <span class='ocrx_word' id='word_1_83' title='bbox 656 2007 709 2088; x_wconf 85' lang='lat' dir='ltr'><em>rei</em></span> <span class='ocrx_word' id='word_1_84' title='bbox 729 2005 836 2092; x_wconf 87' lang='lat' dir='ltr'><em>causa</em></span> <span class='ocrx_word' id='word_1_85' title='bbox 859 2005 1028 2109; x_wconf 86' lang='lat' dir='ltr'><em>videtur,</em></span> 
     </span>
     <span class='ocr_line' id='line_1_15' title="bbox 85 2127 1024 2244; baseline 0.002 -32"><span class='ocrx_word' id='word_1_86' title='bbox 85 2127 199 2238; x_wconf 89' lang='lat' dir='ltr'><em>quod</em></span> <span class='ocrx_word' id='word_1_87' title='bbox 223 2129 319 2212; x_wconf 90' lang='lat' dir='ltr'><em>nihil</em></span> <span class='ocrx_word' id='word_1_88' title='bbox 338 2129 445 2215; x_wconf 90' lang='lat' dir='ltr'><em>aliud</em></span> <span class='ocrx_word' id='word_1_89' title='bbox 461 2129 504 2213; x_wconf 85' lang='lat' dir='ltr'><em>fit</em></span> <span class='ocrx_word' id='word_1_90' title='bbox 524 2134 757 2232; x_wconf 88' lang='lat' dir='ltr'><em>ratiocinari,</em></span> <span class='ocrx_word' id='word_1_91' title='bbox 783 2128 904 2244; x_wconf 72' lang='lat' dir='ltr'><em>quim</em></span> <span class='ocrx_word' id='word_1_92' title='bbox 920 2130 1024 2214; x_wconf 88' lang='lat' dir='ltr'><em>mul-</em></span> 
     </span>
     <span class='ocr_line' id='line_1_16' title="bbox 86 2253 1025 2362; baseline 0.004 -28"><span class='ocrx_word' id='word_1_93' title='bbox 86 2253 218 2362; x_wconf 88' lang='lat' dir='ltr'><em>tiplici</em></span> <span class='ocrx_word' id='word_1_94' title='bbox 244 2255 393 2338; x_wconf 88' lang='lat' dir='ltr'><em>tatione</em></span> <span class='ocrx_word' id='word_1_95' title='bbox 411 2255 601 2360; x_wconf 80' lang='lat' dir='ltr'><em>judicare3</em></span> <span class='ocrx_word' id='word_1_96' title='bbox 628 2255 695 2340; x_wconf 89' lang='lat' dir='ltr'><em>ubi</em></span> <span class='ocrx_word' id='word_1_97' title='bbox 711 2255 897 2340; x_wconf 87' lang='lat' dir='ltr'><em>nimirum</em></span> <span class='ocrx_word' id='word_1_98' title='bbox 914 2283 1025 2339; x_wconf 80' lang='lat' dir='ltr'><em>mens</em></span> 
     </span>
     <span class='ocr_line' id='line_1_17' title="bbox 86 2374 1025 2488; baseline 0.006 -28"><span class='ocrx_word' id='word_1_99' title='bbox 86 2374 200 2483; x_wconf 70' lang='lat' dir='ltr'><em>tertii</em></span> <span class='ocrx_word' id='word_1_100' title='bbox 242 2377 401 2484; x_wconf 88' lang='lat' dir='ltr'><em>alicujus</em></span> <span class='ocrx_word' id='word_1_101' title='bbox 435 2383 656 2466; x_wconf 89' lang='lat' dir='ltr'><em>interventu</em></span> <span class='ocrx_word' id='word_1_102' title='bbox 686 2382 787 2462; x_wconf 87' lang='lat' dir='ltr'><em>inter</em></span> <span class='ocrx_word' id='word_1_103' title='bbox 820 2383 894 2464; x_wconf 88' lang='lat' dir='ltr'><em>alia</em></span> <span class='ocrx_word' id='word_1_104' title='bbox 928 2381 1025 2488; x_wconf 77' lang='lat' dir='ltr'><em>duo,</em></span> 
     </span>
     <span class='ocr_line' id='line_1_18' title="bbox 84 2495 1025 2608; baseline 0.006 -26"><span class='ocrx_word' id='word_1_105' title='bbox 84 2495 439 2582; x_wconf 82' lang='lat' dir='ltr'><em>dissimilitudinem</em></span> <span class='ocrx_word' id='word_1_106' title='bbox 472 2519 537 2584; x_wconf 89' lang='lat' dir='ltr'><em>aut</em></span> <span class='ocrx_word' id='word_1_107' title='bbox 574 2499 838 2608; x_wconf 83' lang='lat' dir='ltr'><em>disparitatem</em></span> <span class='ocrx_word' id='word_1_108' title='bbox 871 2530 1025 2605; x_wconf 88' lang='lat' dir='ltr'><em>eorum,</em></span> 
     </span>
     <span class='ocr_line' id='line_1_19' title="bbox 83 2621 1022 2732; baseline 0.003 -26"><span class='ocrx_word' id='word_1_109' title='bbox 83 2622 191 2708; x_wconf 89' lang='lat' dir='ltr'><em>illius</em></span> <span class='ocrx_word' id='word_1_110' title='bbox 229 2649 306 2732; x_wconf 89' lang='lat' dir='ltr'><em>ope</em></span> <span class='ocrx_word' id='word_1_111' title='bbox 344 2642 480 2723; x_wconf 84' lang='lat' dir='ltr'><em>notat;</em></span> <span class='ocrx_word' id='word_1_112' title='bbox 508 2642 578 2706; x_wconf 89' lang='lat' dir='ltr'><em>aut</em></span> <span class='ocrx_word' id='word_1_113' title='bbox 604 2621 631 2707; x_wconf 68' lang='grc' dir='ltr'><strong>ἓ</strong></span> <span class='ocrx_word' id='word_1_114' title='bbox 662 2623 870 2725; x_wconf 76' lang='lat' dir='ltr'><em>contrario,</em></span> <span class='ocrx_word' id='word_1_115' title='bbox 896 2626 1022 2709; x_wconf 81' lang='lat' dir='ltr'><em>isthaec</em></span> 
     </span>
     <span class='ocr_line' id='line_1_20' title="bbox 86 2740 1135 2858; baseline 0.004 -28"><span class='ocrx_word' id='word_1_116' title='bbox 86 2743 309 2857; x_wconf 83' lang='lat' dir='ltr'><em>analogiam</em></span> <span class='ocrx_word' id='word_1_117' title='bbox 348 2744 550 2858; x_wconf 86' lang='lat' dir='ltr'><em>quandam</em></span> <span class='ocrx_word' id='word_1_118' title='bbox 590 2745 638 2828; x_wconf 89' lang='lat' dir='ltr'><em>ad</em></span> <span class='ocrx_word' id='word_1_119' title='bbox 677 2743 714 2827; x_wconf 91' lang='lat' dir='ltr'><em>se</em></span> <span class='ocrx_word' id='word_1_120' title='bbox 748 2748 928 2849; x_wconf 90' lang='lat' dir='ltr'><em>invicem,</em></span> <span class='ocrx_word' id='word_1_121' title='bbox 956 2749 1021 2833; x_wconf 86' lang='lat' dir='ltr'><em>vel</em></span> <span class='ocrx_word' id='word_1_122' title='bbox 1132 2740 1135 2744; x_wconf 53' lang='grc'><strong>’</strong></span> 
     </span>
     <span class='ocr_line' id='line_1_21' title="bbox 83 2856 1020 2980; baseline 0.004 -29"><span class='ocrx_word' id='word_1_123' title='bbox 83 2873 207 2952; x_wconf 86' lang='lat' dir='ltr'><em>etiam</em></span> <span class='ocrx_word' id='word_1_124' title='bbox 234 2856 378 2951; x_wconf 75' lang='lat' dir='ltr'><em>eodem</em></span> <span class='ocrx_word' id='word_1_125' title='bbox 404 2870 517 2980; x_wconf 74' lang='lat' dir='ltr'><em>plane</em></span> <span class='ocrx_word' id='word_1_126' title='bbox 536 2869 659 2956; x_wconf 90' lang='lat' dir='ltr'><em>modo</em></span> <span class='ocrx_word' id='word_1_127' title='bbox 680 2868 819 2955; x_wconf 89' lang='lat' dir='ltr'><em>habere</em></span> <span class='ocrx_word' id='word_1_128' title='bbox 834 2873 1020 2959; x_wconf 88' lang='lat' dir='ltr'><em>advertit.</em></span> 
     </span>
     <span class='ocr_line' id='line_1_22' title="bbox 85 2993 1019 3105; baseline 0.004 -29"><span class='ocrx_word' id='word_1_129' title='bbox 85 2995 299 3103; x_wconf 89' lang='lat' dir='ltr'><em>Propterea</em></span> <span class='ocrx_word' id='word_1_130' title='bbox 329 2993 425 3076; x_wconf 75' lang='lat' dir='ltr'><em>verri</em></span> <span class='ocrx_word' id='word_1_131' title='bbox 455 2993 616 3077; x_wconf 85' lang='lat' dir='ltr'><em>facultas</em></span> <span class='ocrx_word' id='word_1_132' title='bbox 638 2993 881 3105; x_wconf 83' lang='lat' dir='ltr'><em>expendendi</em></span> <span class='ocrx_word' id='word_1_133' title='bbox 900 3000 1019 3080; x_wconf 89' lang='lat' dir='ltr'><em>ratio·</em></span> 
     </span>
     <span class='ocr_line' id='line_1_23' title="bbox 84 3115 1018 3232; baseline 0.001 -31"><span class='ocrx_word' id='word_1_134' title='bbox 84 3141 184 3202; x_wconf 85' lang='lat' dir='ltr'><em>num</em></span> <span class='ocrx_word' id='word_1_135' title='bbox 218 3136 421 3199; x_wconf 88' lang='lat' dir='ltr'><em>momenta</em></span> <span class='ocrx_word' id='word_1_136' title='bbox 455 3115 555 3199; x_wconf 85' lang='lat' dir='ltr'><em>haud</em></span> <span class='ocrx_word' id='word_1_137' title='bbox 593 3116 667 3199; x_wconf 89' lang='lat' dir='ltr'><em>alia</em></span> <span class='ocrx_word' id='word_1_138' title='bbox 700 3117 869 3220; x_wconf 87' lang='lat' dir='ltr'><em>videtur,</em></span> <span class='ocrx_word' id='word_1_139' title='bbox 895 3118 1018 3232; x_wconf 71' lang='lat' dir='ltr'><em>quim</em></span> 
     </span>
     <span class='ocr_line' id='line_1_24' title="bbox 83 3239 1021 3351; baseline 0.006 -29"><span class='ocrx_word' id='word_1_140' title='bbox 83 3265 176 3350; x_wconf 86' lang='lat' dir='ltr'><em>quae</em></span> <span class='ocrx_word' id='word_1_141' title='bbox 207 3239 320 3344; x_wconf 84' lang='lat' dir='ltr'><em>judex</em></span> <span class='ocrx_word' id='word_1_142' title='bbox 356 3240 601 3338; x_wconf 79' lang='lat' dir='ltr'><em>nominatur3</em></span> <span class='ocrx_word' id='word_1_143' title='bbox 629 3261 886 3351; x_wconf 83' lang='lat' dir='ltr'><em>praeterquam</em></span> <span class='ocrx_word' id='word_1_144' title='bbox 905 3242 1021 3350; x_wconf 76' lang='lat' dir='ltr'><em>quad</em></span> 
     </span>
     <span class='ocr_line' id='line_1_25' title="bbox 82 3358 1020 3476; baseline 0.014 -34"><span class='ocrx_word' id='word_1_145' title='bbox 82 3362 237 3445; x_wconf 87' lang='lat' dir='ltr'><em>circum</em></span> <span class='ocrx_word' id='word_1_146' title='bbox 272 3363 381 3469; x_wconf 85' lang='lat' dir='ltr'><em>plura</em></span> <span class='ocrx_word' id='word_1_147' title='bbox 413 3358 595 3466; x_wconf 81' lang='lat' dir='ltr'><em>versetur,</em></span> <span class='ocrx_word' id='word_1_148' title='bbox 622 3370 662 3446; x_wconf 79' lang='grc' dir='ltr'><em>δι</em></span> <span class='ocrx_word' id='word_1_149' title='bbox 699 3364 837 3466; x_wconf 86' lang='lat' dir='ltr'><em>judicia</em></span> <span class='ocrx_word' id='word_1_150' title='bbox 868 3363 1020 3476; x_wconf 87' lang='lat' dir='ltr'><em>semper</em></span> 
     </span>
     <span class='ocr_line' id='line_1_26' title="bbox 83 3481 1093 3602; baseline 0.011 -37"><span class='ocrx_word' id='word_1_151' title='bbox 83 3481 271 3594; x_wconf 86' lang='lat' dir='ltr'><em>praemissa</em></span> <span class='ocrx_word' id='word_1_152' title='bbox 305 3481 489 3596; x_wconf 85' lang='lat' dir='ltr'><em>agnoscat</em></span> <span class='ocrx_word' id='word_1_153' title='bbox 516 3485 652 3586; x_wconf 54' lang='lat' dir='ltr'><em>unde,</em></span> <span class='ocrx_word' id='word_1_154' title='bbox 682 3484 834 3572; x_wconf 86' lang='lat' dir='ltr'><em>habitus</em></span> <span class='ocrx_word' id='word_1_155' title='bbox 859 3491 1018 3602; x_wconf 90' lang='lat' dir='ltr'><em>quidam</em></span> <span class='ocrx_word' id='word_1_156' title='bbox 1091 3594 1093 3600; x_wconf 21' lang='grc' dir='ltr'>Ι</span> 
     </span>
     <span class='ocr_line' id='line_1_27' title="bbox 80 3605 1020 3723; baseline 0.014 -31"><span class='ocrx_word' id='word_1_157' title='bbox 80 3605 407 3723; x_wconf 80' lang='lat' dir='ltr'><em>superinducitur,</em></span> <span class='ocrx_word' id='word_1_158' title='bbox 432 3639 502 3722; x_wconf 88' lang='lat' dir='ltr'><em>per</em></span> <span class='ocrx_word' id='word_1_159' title='bbox 521 3614 643 3720; x_wconf 86' lang='lat' dir='ltr'><em>quem</em></span> <span class='ocrx_word' id='word_1_160' title='bbox 659 3611 706 3707; x_wconf 88' lang='lat' dir='ltr'><em>ad</em></span> <span class='ocrx_word' id='word_1_161' title='bbox 721 3609 873 3702; x_wconf 89' lang='lat' dir='ltr'><em>summa</em></span> <span class='ocrx_word' id='word_1_162' title='bbox 886 3644 1020 3707; x_wconf 89' lang='lat' dir='ltr'><em>rerum</em></span> 
     </span>
    </p>
   </div>
   <div class='ocr_carea' id='block_1_4' title="bbox 481 3741 1025 3851">
    <p class='ocr_par' dir='ltr' id='par_1_4' title="bbox 481 3741 1025 3851">
     <span class='ocr_line' id='line_1_28' title="bbox 481 3741 1025 3851; baseline -0.006 -18"><span class='ocrx_word' id='word_1_163' title='bbox 481 3742 553 3849; x_wconf 85' lang='lat' dir='ltr'>M</span> <span class='ocrx_word' id='word_1_164' title='bbox 581 3767 609 3843; x_wconf 83' lang='lat'><strong>4</strong></span> <span class='ocrx_word' id='word_1_165' title='bbox 860 3741 1025 3851; x_wconf 82' lang='lat' dir='ltr'><em>scandit,</em></span> 
     </span>
    </p>
   </div>
   <div class='ocr_carea' id='block_1_5' title="bbox 0 0 1254 4358">
    <p class='ocr_par' dir='ltr' id='par_1_5' title="bbox 0 0 1254 4358">
     <span class='ocr_line' id='line_1_29' title="bbox 0 0 1254 4358; baseline 0 2"><span class='ocrx_word' id='word_1_166' title='bbox 0 0 1254 4358; x_wconf 95' lang='lat' dir='ltr'><em> </em></span> 
     </span>
    </p>
   </div>
  </div>
 </body>
</html>
