2498 4358
99 204 202 325 208

404 210 485 322 De
510 206 763 327 Medicina
783 212 987 325 Mentis.

237 398 436 503 gotiomm
450 400 716 484 conditionem
729 401 919 502 intuetur,
932 396 1170 511 eventusque

237 546 369 605 tetum
397 522 651 607 humrnrrum
675 522 999 635 consiliorumque
1017 510 1171 605 dubios.

238 640 329 751 Hic,
351 651 535 757 quoniam
570 648 768 731 conflictus
797 644 882 730 citm
903 648 1067 731 utilium
1085 644 1171 729 titm

241 768 503 881 cupiditatum
525 768 675 881 semper
700 771 739 853 in
758 768 962 881 conspetiu
983 766 1090 869 sunt,
1115 768 1173 850 vi·
1203 848 1211 861 ,

240 887 473 975 tissimdines
521 891 728 995 junioribus
763 889 925 974 minime
961 896 1174 999 expectate

240 1034 320 1093 uon
339 1014 452 1095 ualde
465 1033 718 1098 commovent
742 1054 754 1112 ς
774 1032 920 1125 utpote
937 1013 1089 1122 quibus
1108 1038 1175 1123 op·

241 1137 338 1217 tima
356 1134 578 1247 frequenter
597 1136 751 1221 consilia
764 1139 1039 1219 immutantur.
1090 1132 1193 1223 Un-¹

241 1256 295 1341 de
312 1260 575 1371 oppofitorum
590 1258 750 1345 subinde
762 1288 807 1345 ac
825 1259 938 1372 plane
956 1270 1177 1371 repugnen-

241 1384 345 1467 tium
376 1380 654 1471 sententiatum
685 1388 920 1495 morumque
939 1385 1178 1485 conciliatio,

241 1530 289 1590 nc
315 1508 355 1590 in
390 1534 516 1594 unum
546 1508 718 1621 aliquem
735 1505 895 1619 scopum
914 1506 1094 1607 directio,
1118 1507 1178 1589 id-

242 1628 370 1743 ipsum
400 1632 482 1717 fere
513 1634 581 1737 est,
608 1632 719 1747 quod
749 1632 831 1716 haec
851 1649 942 1715 aetas
963 1632 1073 1716 ultro
1091 1656 1179 1745 pro·

243 1754 387 1869 spicere
396 1778 526 1871 optat.

167 2048 177 2067 ·
299 2000 478 2088 Increscit
508 2002 598 2087 dein
628 2002 708 2088 hec
726 2000 902 2103 facultas,
929 2018 1052 2112 prout
1071 2006 1181 2085 anna

138 2134 146 2147 “
248 2146 369 2243 utque
395 2128 584 2242 ampliate
615 2128 690 2213 firit
715 2132 842 2241 priore
864 2129 951 2211 vitae
973 2126 1115 2227 stadio:
1142 2132 1180 2211 δι

77 3664 170 3727 unu

76 3747 199 3827 eseam·

247 2274 318 2363 pro
334 2252 488 2363 copiosi
505 2256 860 2363 experimentorum
880 2250 1085 2347 varietate,
1115 2245 1181 2331 ei·

247 2400 329 2487 que
354 2375 391 2456 in
418 2370 633 2459 difficilibus
655 2370 884 2484 majorisque
903 2373 1104 2453 momenti
1126 2396 1183 2453 te·

246 2498 334 2601 bus,
358 2506 400 2584 &
423 2498 491 2581 ubi
516 2495 631 2581 scene
664 2493 833 2607 personis
852 2493 1093 2604 gravioribus
1111 2494 1183 2575 im·

248 2623 364 2736 pletae
386 2620 514 2708 crusis
538 2622 730 2724 dederint,
754 2646 876 2734 quare
909 2617 960 2704 nd
989 2616 1183 2700 nobiliora

247 2772 364 2857 opert
412 2745 655 2829 adhibentur.
708 2746 858 2856 Liquet
907 2738 993 2823 sane
1049 2735 1185 2823 frustri

247 2892 344 2949 eum
384 2862 482 2969 fore,
525 2869 595 2978 qui
636 2860 797 2947 meffem
838 2863 903 2947 vel
940 2859 1184 2951 vindemiam

248 2988 470 3074 uberiorem
515 2988 590 3071 hoc
631 2990 724 3071 vitae
772 3004 967 3069 autumno
1003 2980 1186 3091 sperant,

250 3111 366 3226 quim
387 3138 457 3221 pro
476 3110 655 3195 sementis
674 3107 819 3206 mod03
848 3108 933 3190 imo
952 3132 1027 3187 nec
1046 3106 1103 3189 ab
1120 3102 1185 3189 hit

250 3242 414 3323 omnino
443 3231 633 3318 diversam
662 3252 731 3317 aut
751 3258 892 3345 genere
916 3250 983 3315 aut
1004 3232 1184 3317 utilitate

250 3382 295 3441 ac
315 3355 536 3466 prestantii.

308 3599 559 3685 Observatum
592 3598 668 3683 fuit
698 3616 826 3698 antea,
860 3624 943 3711 quo
974 3602 1058 3683 ritu
1094 3600 1181 3683 ima·

254 3726 401 3835 ginatio
429 3748 499 3832 per
520 3726 651 3809 omnia
667 3721 837 3832 judicem
856 3726 1052 3825 imitatur²
1081 3724 1182 3807 eim·

1112 3868 1179 3957 q'rle
