<?xml version="1.0" encoding="UTF-8"?>
<!DOCTYPE html PUBLIC "-//W3C//DTD XHTML 1.0 Transitional//EN"
    "http://www.w3.org/TR/xhtml1/DTD/xhtml1-transitional.dtd">
<html xmlns="http://www.w3.org/1999/xhtml" xml:lang="en" lang="en">
 <head>
  <title>
</title>
<meta http-equiv="Content-Type" content="text/html;charset=utf-8" />
  <meta name='ocr-system' content='tesseract 3.04.00' />
  <meta name='ocr-capabilities' content='ocr_page ocr_carea ocr_par ocr_line ocrx_word'/>
</head>
<body>
  <div class='ocr_page' id='page_1' title='image "./robertiwelstedd00welsgoog_0325.png"; bbox 0 0 2498 4358; ppageno 0'>
   <div class='ocr_carea' id='block_1_1' title="bbox 218 166 1153 343">
    <p class='ocr_par' dir='ltr' id='par_1_1' title="bbox 218 166 1153 343">
     <span class='ocr_line' id='line_1_1' title="bbox 218 166 1153 343; baseline -0.003 -37"><span class='ocrx_word' id='word_1_1' title='bbox 218 166 220 170; x_wconf 22' lang='lat'><strong><em>¹</em></strong></span> <span class='ocrx_word' id='word_1_2' title='bbox 269 198 351 306; x_wconf 82' lang='lat' dir='ltr'>De</span> <span class='ocrx_word' id='word_1_3' title='bbox 377 194 627 314; x_wconf 80' lang='lat' dir='ltr'><em>Medicina</em></span> <span class='ocrx_word' id='word_1_4' title='bbox 653 201 853 310; x_wconf 83' lang='lat' dir='ltr'>Mentis.</span> <span class='ocrx_word' id='word_1_5' title='bbox 990 166 991 169; x_wconf 4' lang='grc' dir='ltr'><strong><em>Ν</em></strong></span> <span class='ocrx_word' id='word_1_6' title='bbox 1051 188 1153 343; x_wconf 67' lang='lat'>385</span> 
     </span>
    </p>
   </div>
   <div class='ocr_carea' id='block_1_2' title="bbox 81 384 1020 621">
    <p class='ocr_par' dir='ltr' id='par_1_2' title="bbox 81 384 1020 610">
     <span class='ocr_line' id='line_1_2' title="bbox 83 384 1020 502; baseline 0 -29"><span class='ocrx_word' id='word_1_7' title='bbox 83 391 182 496; x_wconf 74' lang='lat' dir='ltr'>vitiis</span> <span class='ocrx_word' id='word_1_8' title='bbox 202 384 349 498; x_wconf 81' lang='lat' dir='ltr'>sanguis</span> <span class='ocrx_word' id='word_1_9' title='bbox 379 391 604 502; x_wconf 84' lang='lat' dir='ltr'>autetiam</span> <span class='ocrx_word' id='word_1_10' title='bbox 626 385 765 474; x_wconf 86' lang='lat' dir='ltr'>viscera</span> <span class='ocrx_word' id='word_1_11' title='bbox 798 409 1020 499; x_wconf 83' lang='lat' dir='ltr'>onerentur,</span> 
     </span>
     <span class='ocr_line' id='line_1_3' title="bbox 81 484 1017 621; baseline 0.006 -37"><span class='ocrx_word' id='word_1_12' title='bbox 81 499 158 584; x_wconf 88' lang='lat' dir='ltr'>hoc</span> <span class='ocrx_word' id='word_1_13' title='bbox 177 495 337 621; x_wconf 82' lang='lat' dir='ltr'><strong>remedii</strong></span> <span class='ocrx_word' id='word_1_14' title='bbox 361 526 492 610; x_wconf 85' lang='lat' dir='ltr'>genus</span> <span class='ocrx_word' id='word_1_15' title='bbox 523 497 618 584; x_wconf 70' lang='lat' dir='ltr'>licet</span> <span class='ocrx_word' id='word_1_16' title='bbox 639 484 787 586; x_wconf 86' lang='lat' dir='ltr'>febrim</span> <span class='ocrx_word' id='word_1_17' title='bbox 807 520 934 584; x_wconf 79' lang='lat' dir='ltr'>arceat</span> <span class='ocrx_word' id='word_1_18' title='bbox 967 501 1017 591; x_wconf 82' lang='lat' dir='ltr'>ad</span> 
     </span>
    </p>
   </div>
   <div class='ocr_carea' id='block_1_3' title="bbox 81 612 1120 1598">
    <p class='ocr_par' dir='ltr' id='par_1_3' title="bbox 81 612 1120 1575">
     <span class='ocr_line' id='line_1_4' title="bbox 82 612 1016 770; baseline 0.002 -64"><span class='ocrx_word' id='word_1_19' title='bbox 82 644 255 770; x_wconf 83' lang='lat' dir='ltr'>tempus,</span> <span class='ocrx_word' id='word_1_20' title='bbox 294 651 371 707; x_wconf 89' lang='lat' dir='ltr'>non</span> <span class='ocrx_word' id='word_1_21' title='bbox 405 642 539 706; x_wconf 84' lang='lat' dir='ltr'>tamen</span> <span class='ocrx_word' id='word_1_22' title='bbox 551 619 730 733; x_wconf 87' lang='lat' dir='ltr'>prorsus</span> <span class='ocrx_word' id='word_1_23' title='bbox 775 619 900 705; x_wconf 83' lang='lat' dir='ltr'>solvit.</span> <span class='ocrx_word' id='word_1_24' title='bbox 954 612 1016 709; x_wconf 79' lang='lat' dir='ltr'>Ac</span> 
     </span>
     <span class='ocr_line' id='line_1_5' title="bbox 82 743 1015 849; baseline 0.002 -23"><span class='ocrx_word' id='word_1_25' title='bbox 82 745 189 829; x_wconf 77' lang='lat' dir='ltr'>certi)</span> <span class='ocrx_word' id='word_1_26' title='bbox 222 744 410 832; x_wconf 81' lang='lat' dir='ltr'>reversura</span> <span class='ocrx_word' id='word_1_27' title='bbox 446 747 512 849; x_wconf 84' lang='lat' dir='ltr'>est,</span> <span class='ocrx_word' id='word_1_28' title='bbox 553 745 619 829; x_wconf 82' lang='lat' dir='ltr'>nisi</span> <span class='ocrx_word' id='word_1_29' title='bbox 649 746 722 829; x_wconf 83' lang='lat' dir='ltr'>alia</span> <span class='ocrx_word' id='word_1_30' title='bbox 753 743 1015 847; x_wconf 83' lang='lat' dir='ltr'>adhibeantur,</span> 
     </span>
     <span class='ocr_line' id='line_1_6' title="bbox 82 865 1017 980; baseline -0.004 -27"><span class='ocrx_word' id='word_1_31' title='bbox 82 898 170 980; x_wconf 87' lang='lat' dir='ltr'>quae</span> <span class='ocrx_word' id='word_1_32' title='bbox 187 870 275 956; x_wconf 89' lang='lat' dir='ltr'>huic</span> <span class='ocrx_word' id='word_1_33' title='bbox 296 870 450 957; x_wconf 81' lang='lat' dir='ltr'>consilio</span> <span class='ocrx_word' id='word_1_34' title='bbox 479 868 719 954; x_wconf 81' lang='lat' dir='ltr'>satisfaciant.</span> <span class='ocrx_word' id='word_1_35' title='bbox 750 954 754 959; x_wconf 78' lang='grc'>,</span> <span class='ocrx_word' id='word_1_36' title='bbox 774 868 894 968; x_wconf 85' lang='lat' dir='ltr'>Qubd</span> <span class='ocrx_word' id='word_1_37' title='bbox 913 868 939 953; x_wconf 87' lang='lat' dir='ltr'>fi</span> <span class='ocrx_word' id='word_1_38' title='bbox 957 865 1017 949; x_wconf 86' lang='lat' dir='ltr'>fe-</span> 
     </span>
     <span class='ocr_line' id='line_1_7' title="bbox 81 989 1019 1107; baseline 0.007 -35"><span class='ocrx_word' id='word_1_39' title='bbox 81 990 173 1095; x_wconf 81' lang='lat' dir='ltr'>bris,</span> <span class='ocrx_word' id='word_1_40' title='bbox 198 995 259 1079; x_wconf 91' lang='lat' dir='ltr'>uti</span> <span class='ocrx_word' id='word_1_41' title='bbox 291 992 387 1107; x_wconf 87' lang='lat' dir='ltr'>saepe</span> <span class='ocrx_word' id='word_1_42' title='bbox 411 993 561 1080; x_wconf 73' lang='lat' dir='ltr'>&#39;accidit</span> <span class='ocrx_word' id='word_1_43' title='bbox 593 989 808 1101; x_wconf 81' lang='lat' dir='ltr'>hujusmodi</span> <span class='ocrx_word' id='word_1_44' title='bbox 837 995 1019 1102; x_wconf 71' lang='lat' dir='ltr'>remediis</span> 
     </span>
     <span class='ocr_line' id='line_1_8' title="bbox 82 1112 1111 1259; baseline 0.007 -61"><span class='ocrx_word' id='word_1_45' title='bbox 82 1143 161 1198; x_wconf 90' lang='lat' dir='ltr'>non</span> <span class='ocrx_word' id='word_1_46' title='bbox 203 1112 360 1259; x_wconf 75' lang='lat' dir='ltr'>insuper</span> <span class='ocrx_word' id='word_1_47' title='bbox 377 1114 604 1220; x_wconf 64' lang='lat' dir='ltr'>numnius,</span> <span class='ocrx_word' id='word_1_48' title='bbox 647 1112 800 1200; x_wconf 76' lang='lat' dir='ltr'>minime</span> <span class='ocrx_word' id='word_1_49' title='bbox 838 1118 1016 1221; x_wconf 83' lang='lat' dir='ltr'>tollatur,</span> <span class='ocrx_word' id='word_1_50' title='bbox 1107 1150 1111 1157; x_wconf 86' lang='grc'><em>·</em></span> 
     </span>
     <span class='ocr_line' id='line_1_9' title="bbox 82 1230 1120 1356; baseline 0.012 -35"><span class='ocrx_word' id='word_1_51' title='bbox 82 1269 129 1323; x_wconf 84' lang='lat' dir='ltr'>ea</span> <span class='ocrx_word' id='word_1_52' title='bbox 164 1242 303 1356; x_wconf 90' lang='lat' dir='ltr'>utique</span> <span class='ocrx_word' id='word_1_53' title='bbox 349 1230 388 1328; x_wconf 91' lang='lat' dir='ltr'>in</span> <span class='ocrx_word' id='word_1_54' title='bbox 435 1236 660 1329; x_wconf 83' lang='lat' dir='ltr'>continuam</span> <span class='ocrx_word' id='word_1_55' title='bbox 697 1239 1014 1346; x_wconf 60' lang='lat' dir='ltr'>transformatum</span> <span class='ocrx_word' id='word_1_56' title='bbox 1113 1308 1120 1318; x_wconf 63' lang='lat'><strong><em>„</em></strong></span> 
     </span>
     <span class='ocr_line' id='line_1_10' title="bbox 82 1362 1014 1496; baseline 0.009 -52"><span class='ocrx_word' id='word_1_57' title='bbox 82 1362 201 1487; x_wconf 82' lang='lat' dir='ltr'>atque</span> <span class='ocrx_word' id='word_1_58' title='bbox 218 1362 379 1466; x_wconf 83' lang='lat' dir='ltr'>ita,1nifi</span> <span class='ocrx_word' id='word_1_59' title='bbox 398 1364 446 1444; x_wconf 84' lang='lat' dir='ltr'>ad</span> <span class='ocrx_word' id='word_1_60' title='bbox 463 1363 591 1447; x_wconf 88' lang='lat' dir='ltr'>morbi</span> <span class='ocrx_word' id='word_1_61' title='bbox 619 1363 746 1450; x_wconf 80' lang='lat' dir='ltr'>causas</span> <span class='ocrx_word' id='word_1_62' title='bbox 774 1362 929 1496; x_wconf 58' lang='lat' dir='ltr'>speden</span> <span class='ocrx_word' id='word_1_63' title='bbox 954 1397 1014 1452; x_wconf 86' lang='lat' dir='ltr'>res</span> 
     </span>
     <span class='ocr_line' id='line_1_11' title="bbox 84 1471 632 1598; baseline 0.002 -28"><span class='ocrx_word' id='word_1_64' title='bbox 84 1493 172 1598; x_wconf 84' lang='lat' dir='ltr'>aegri</span> <span class='ocrx_word' id='word_1_65' title='bbox 193 1491 233 1570; x_wconf 92' lang='lat' dir='ltr'>in</span> <span class='ocrx_word' id='word_1_66' title='bbox 253 1471 482 1574; x_wconf 84' lang='lat' dir='ltr'>deterrimas</span> <span class='ocrx_word' id='word_1_67' title='bbox 499 1507 632 1575; x_wconf 84' lang='lat' dir='ltr'>ruunt.</span> 
     </span>
    </p>
   </div>
   <div class='ocr_carea' id='block_1_4' title="bbox 81 1731 1176 2001">
    <p class='ocr_par' dir='ltr' id='par_1_4' title="bbox 81 1731 1176 1983">
     <span class='ocr_line' id='line_1_12' title="bbox 138 1731 1128 1848; baseline 0 -30"><span class='ocrx_word' id='word_1_68' title='bbox 138 1732 414 1821; x_wconf 84' lang='lat' dir='ltr'>Observatione</span> <span class='ocrx_word' id='word_1_69' title='bbox 443 1736 561 1848; x_wconf 83' lang='lat' dir='ltr'>porrb</span> <span class='ocrx_word' id='word_1_70' title='bbox 591 1735 749 1847; x_wconf 84' lang='lat' dir='ltr'>dignum</span> <span class='ocrx_word' id='word_1_71' title='bbox 782 1735 847 1838; x_wconf 86' lang='lat' dir='ltr'>est,</span> <span class='ocrx_word' id='word_1_72' title='bbox 872 1731 1011 1848; x_wconf 77' lang='lat' dir='ltr'>sagaci·</span> <span class='ocrx_word' id='word_1_73' title='bbox 1028 1743 1128 1804; x_wconf 65' lang='lat' dir='ltr'>Exem-</span> 
     </span>
     <span class='ocr_line' id='line_1_13' title="bbox 81 1825 1176 2001; baseline 0.004 -61"><span class='ocrx_word' id='word_1_74' title='bbox 81 1877 204 1941; x_wconf 86' lang='lat' dir='ltr'>tatem</span> <span class='ocrx_word' id='word_1_75' title='bbox 237 1863 489 2001; x_wconf 81' lang='lat' dir='ltr'>antiquorum</span> <span class='ocrx_word' id='word_1_76' title='bbox 508 1888 639 1945; x_wconf 85' lang='lat' dir='ltr'>revera</span> <span class='ocrx_word' id='word_1_77' title='bbox 624 1853 848 1972; x_wconf 76' lang='lat' dir='ltr'>indagasse</span> <span class='ocrx_word' id='word_1_78' title='bbox 867 1875 1012 1948; x_wconf 85' lang='lat' dir='ltr'>naturae</span> <span class='ocrx_word' id='word_1_79' title='bbox 1028 1825 1176 1983; x_wconf 44' lang='lat' dir='ltr'>{27}ss</span> 
     </span>
    </p>
   </div>
   <div class='ocr_carea' id='block_1_5' title="bbox 80 1981 1185 3708">
    <p class='ocr_par' dir='ltr' id='par_1_5' title="bbox 80 1981 1185 3708">
     <span class='ocr_line' id='line_1_14' title="bbox 81 1981 1185 2097; baseline 0.003 -33"><span class='ocrx_word' id='word_1_80' title='bbox 81 1983 263 2086; x_wconf 81' lang='lat' dir='ltr'>modum,</span> <span class='ocrx_word' id='word_1_81' title='bbox 290 2012 369 2097; x_wconf 91' lang='lat' dir='ltr'>quo</span> <span class='ocrx_word' id='word_1_82' title='bbox 387 1988 513 2071; x_wconf 91' lang='lat' dir='ltr'>utitur</span> <span class='ocrx_word' id='word_1_83' title='bbox 540 1984 590 2068; x_wconf 82' lang='lat' dir='ltr'>ad</span> <span class='ocrx_word' id='word_1_84' title='bbox 611 1981 816 2070; x_wconf 81' lang='lat' dir='ltr'>miasmata</span> <span class='ocrx_word' id='word_1_85' title='bbox 851 1992 1070 2096; x_wconf 85' lang='lat' dir='ltr'>c&#39;orpore</span> <span class='ocrx_word' id='word_1_86' title='bbox 1030 1990 1098 2046; x_wconf 67' lang='lat' dir='ltr'>md</span> <span class='ocrx_word' id='word_1_87' title='bbox 1099 2009 1185 2047; x_wconf 71' lang='lat' dir='ltr'>mm</span> 
     </span>
     <span class='ocr_line' id='line_1_15' title="bbox 80 2071 1167 2228; baseline 0.006 -44"><span class='ocrx_word' id='word_1_88' title='bbox 80 2106 275 2228; x_wconf 82' lang='lat' dir='ltr'>pellenda,</span> <span class='ocrx_word' id='word_1_89' title='bbox 313 2127 518 2219; x_wconf 88' lang='lat' dir='ltr'>quotquot</span> <span class='ocrx_word' id='word_1_90' title='bbox 555 2104 777 2221; x_wconf 82' lang='lat' dir='ltr'>sanguinem</span> <span class='ocrx_word' id='word_1_91' title='bbox 812 2107 1013 2218; x_wconf 84' lang='lat' dir='ltr'>polluunt,</span> <span class='ocrx_word' id='word_1_92' title='bbox 1028 2071 1167 2150; x_wconf 48' lang='lat' dir='ltr'>imm</span> 
     </span>
     <span class='ocr_line' id='line_1_16' title="bbox 81 2226 1013 2339; baseline 0.002 -30"><span class='ocrx_word' id='word_1_93' title='bbox 81 2230 267 2311; x_wconf 90' lang='lat' dir='ltr'>nimirum</span> <span class='ocrx_word' id='word_1_94' title='bbox 295 2256 363 2339; x_wconf 89' lang='lat' dir='ltr'>per</span> <span class='ocrx_word' id='word_1_95' title='bbox 379 2232 616 2339; x_wconf 86' lang='lat' dir='ltr'>eruptiones</span> <span class='ocrx_word' id='word_1_96' title='bbox 629 2226 878 2337; x_wconf 74' lang='lat' dir='ltr'>pustulisve</span> <span class='ocrx_word' id='word_1_97' title='bbox 868 2260 905 2314; x_wconf 91' lang='lat' dir='ltr'>m</span> <span class='ocrx_word' id='word_1_98' title='bbox 925 2252 1013 2314; x_wconf 87' lang='lat' dir='ltr'>cute</span> 
     </span>
     <span class='ocr_line' id='line_1_17' title="bbox 80 2343 1014 2462; baseline 0.004 -28"><span class='ocrx_word' id='word_1_99' title='bbox 80 2343 287 2436; x_wconf 83' lang='lat' dir='ltr'>nascentes.</span> <span class='ocrx_word' id='word_1_100' title='bbox 339 2352 385 2438; x_wconf 93' lang='lat' dir='ltr'>Id</span> <span class='ocrx_word' id='word_1_101' title='bbox 424 2372 557 2440; x_wconf 87' lang='lat' dir='ltr'>autem</span> <span class='ocrx_word' id='word_1_102' title='bbox 599 2350 700 2440; x_wconf 72' lang='lat' dir='ltr'>rede</span> <span class='ocrx_word' id='word_1_103' title='bbox 737 2353 848 2438; x_wconf 85' lang='lat' dir='ltr'>statui</span> <span class='ocrx_word' id='word_1_104' title='bbox 889 2375 1014 2462; x_wconf 73' lang='lat' dir='ltr'>putet,</span> 
     </span>
     <span class='ocr_line' id='line_1_18' title="bbox 81 2468 1100 2590; baseline 0.005 -29"><span class='ocrx_word' id='word_1_105' title='bbox 81 2479 267 2590; x_wconf 83' lang='lat' dir='ltr'>quoniam</span> <span class='ocrx_word' id='word_1_106' title='bbox 287 2482 332 2559; x_wconf 78' lang='lat' dir='ltr'>ea&#39;</span> <span class='ocrx_word' id='word_1_107' title='bbox 351 2468 428 2587; x_wconf 81' lang='lat' dir='ltr'>ipsa</span> <span class='ocrx_word' id='word_1_108' title='bbox 448 2472 663 2580; x_wconf 85' lang='lat' dir='ltr'>miasmata,</span> <span class='ocrx_word' id='word_1_109' title='bbox 689 2506 777 2589; x_wconf 90' lang='lat' dir='ltr'>quae</span> <span class='ocrx_word' id='word_1_110' title='bbox 809 2507 857 2561; x_wconf 85' lang='lat' dir='ltr'>ex</span> <span class='ocrx_word' id='word_1_111' title='bbox 885 2481 1010 2566; x_wconf 84' lang='lat' dir='ltr'>altero</span> <span class='ocrx_word' id='word_1_112' title='bbox 1098 2573 1100 2576; x_wconf 7' lang='grc' dir='ltr'><em>Α</em></span> 
     </span>
     <span class='ocr_line' id='line_1_19' title="bbox 80 2599 1019 2713; baseline -0.002 -27"><span class='ocrx_word' id='word_1_113' title='bbox 80 2631 243 2713; x_wconf 77' lang='lat' dir='ltr'>corpore</span> <span class='ocrx_word' id='word_1_114' title='bbox 275 2600 542 2703; x_wconf 85' lang='lat' dir='ltr'>desumuntur,</span> <span class='ocrx_word' id='word_1_115' title='bbox 586 2628 677 2685; x_wconf 85' lang='lat' dir='ltr'>cum</span> <span class='ocrx_word' id='word_1_116' title='bbox 706 2599 917 2712; x_wconf 84' lang='lat' dir='ltr'>sanguineis</span> <span class='ocrx_word' id='word_1_117' title='bbox 953 2601 1019 2685; x_wconf 54' lang='lat' dir='ltr'>al?</span> 
     </span>
     <span class='ocr_line' id='line_1_20' title="bbox 80 2724 1008 2838; baseline 0.001 -25"><span class='ocrx_word' id='word_1_118' title='bbox 80 2736 202 2818; x_wconf 82' lang='lat' dir='ltr'>terius</span> <span class='ocrx_word' id='word_1_119' title='bbox 221 2734 309 2817; x_wconf 91' lang='lat' dir='ltr'>rivis</span> <span class='ocrx_word' id='word_1_120' title='bbox 337 2729 621 2814; x_wconf 86' lang='lat' dir='ltr'>communicata</span> <span class='ocrx_word' id='word_1_121' title='bbox 652 2724 777 2838; x_wconf 92' lang='lat' dir='ltr'>ipsum</span> <span class='ocrx_word' id='word_1_122' title='bbox 809 2725 1008 2828; x_wconf 87' lang='lat' dir='ltr'>inficiunt,</span> 
     </span>
     <span class='ocr_line' id='line_1_21' title="bbox 80 2851 1011 2965; baseline -0.002 -28"><span class='ocrx_word' id='word_1_123' title='bbox 80 2853 186 2937; x_wconf 89' lang='lat' dir='ltr'>unde</span> <span class='ocrx_word' id='word_1_124' title='bbox 218 2858 277 2938; x_wconf 86' lang='lat' dir='ltr'>via</span> <span class='ocrx_word' id='word_1_125' title='bbox 311 2851 442 2965; x_wconf 62' lang='lat' dir='ltr'>apert&amp;</span> <span class='ocrx_word' id='word_1_126' title='bbox 473 2855 673 2963; x_wconf 85' lang='lat' dir='ltr'>retegitur,</span> <span class='ocrx_word' id='word_1_127' title='bbox 713 2879 793 2960; x_wconf 87' lang='lat' dir='ltr'>qua</span> <span class='ocrx_word' id='word_1_128' title='bbox 834 2855 1011 2964; x_wconf 76' lang='lat' dir='ltr'>contagia</span> 
     </span>
     <span class='ocr_line' id='line_1_22' title="bbox 80 2915 1013 3082; baseline 0 -22"><span class='ocrx_word' id='word_1_129' title='bbox 80 2975 257 3062; x_wconf 90' lang='lat' dir='ltr'>homines</span> <span class='ocrx_word' id='word_1_130' title='bbox 287 2977 446 3063; x_wconf 87' lang='lat' dir='ltr'>laeduut.</span> <span class='ocrx_word' id='word_1_131' title='bbox 501 2981 587 3058; x_wconf 89' lang='lat' dir='ltr'>Hoc</span> <span class='ocrx_word' id='word_1_132' title='bbox 620 2973 705 3058; x_wconf 78' lang='lat' dir='ltr'>sane</span> <span class='ocrx_word' id='word_1_133' title='bbox 746 2970 868 3082; x_wconf 90' lang='lat' dir='ltr'>ipsum</span> <span class='ocrx_word' id='word_1_134' title='bbox 914 2915 1013 3059; x_wconf 69' lang='lat' dir='ltr'>dire</span> 
     </span>
     <span class='ocr_line' id='line_1_23' title="bbox 81 3096 1081 3212; baseline -0.001 -28"><span class='ocrx_word' id='word_1_135' title='bbox 81 3103 292 3189; x_wconf 84' lang='lat' dir='ltr'>ostenditur</span> <span class='ocrx_word' id='word_1_136' title='bbox 314 3096 502 3186; x_wconf 88' lang='lat' dir='ltr'>methodo</span> <span class='ocrx_word' id='word_1_137' title='bbox 521 3096 630 3180; x_wconf 80' lang='lat' dir='ltr'>illam</span> <span class='ocrx_word' id='word_1_138' title='bbox 656 3096 906 3182; x_wconf 83' lang='lat' dir='ltr'>transferendi</span> <span class='ocrx_word' id='word_1_139' title='bbox 925 3127 1014 3183; x_wconf 83' lang='lat' dir='ltr'>ma·</span> <span class='ocrx_word' id='word_1_140' title='bbox 1077 3201 1081 3212; x_wconf 28' lang='grc' dir='ltr'>Ι</span> 
     </span>
     <span class='ocr_line' id='line_1_24' title="bbox 80 3216 1012 3339; baseline -0.014 -29"><span class='ocrx_word' id='word_1_141' title='bbox 80 3232 228 3331; x_wconf 84' lang='lat' dir='ltr'>teriam,</span> <span class='ocrx_word' id='word_1_142' title='bbox 255 3254 340 3339; x_wconf 87' lang='lat' dir='ltr'>quae</span> <span class='ocrx_word' id='word_1_143' title='bbox 371 3254 440 3336; x_wconf 91' lang='lat' dir='ltr'>per</span> <span class='ocrx_word' id='word_1_144' title='bbox 472 3217 698 3306; x_wconf 84' lang='lat' dir='ltr'>variolosam</span> <span class='ocrx_word' id='word_1_145' title='bbox 730 3219 869 3302; x_wconf 82' lang='lat' dir='ltr'>febrim</span> <span class='ocrx_word' id='word_1_146' title='bbox 900 3216 1012 3328; x_wconf 87' lang='lat' dir='ltr'>pelli-</span> 
     </span>
     <span class='ocr_line' id='line_1_25' title="bbox 82 3340 1010 3465; baseline -0.01 -32"><span class='ocrx_word' id='word_1_147' title='bbox 82 3369 170 3450; x_wconf 76' lang='lat' dir='ltr'>tur3</span> <span class='ocrx_word' id='word_1_148' title='bbox 212 3352 338 3465; x_wconf 79' lang='lat' dir='ltr'>qualis</span> <span class='ocrx_word' id='word_1_149' title='bbox 368 3354 407 3435; x_wconf 89' lang='lat' dir='ltr'>in</span> <span class='ocrx_word' id='word_1_150' title='bbox 433 3348 654 3460; x_wconf 83' lang='lat' dir='ltr'>sanguinem</span> <span class='ocrx_word' id='word_1_151' title='bbox 682 3343 850 3445; x_wconf 81' lang='lat' dir='ltr'>admissa,</span> <span class='ocrx_word' id='word_1_152' title='bbox 876 3340 1010 3456; x_wconf 86' lang='lat' dir='ltr'>ibique</span> 
     </span>
     <span class='ocr_line' id='line_1_26' title="bbox 81 3465 1009 3583; baseline -0.001 -29"><span class='ocrx_word' id='word_1_153' title='bbox 81 3499 151 3582; x_wconf 90' lang='lat' dir='ltr'>per</span> <span class='ocrx_word' id='word_1_154' title='bbox 188 3475 316 3583; x_wconf 90' lang='lat' dir='ltr'>plures</span> <span class='ocrx_word' id='word_1_155' title='bbox 355 3475 507 3557; x_wconf 86' lang='lat' dir='ltr'>fluitans</span> <span class='ocrx_word' id='word_1_156' title='bbox 545 3470 628 3559; x_wconf 84' lang='lat' dir='ltr'>dies</span> <span class='ocrx_word' id='word_1_157' title='bbox 666 3465 804 3552; x_wconf 85' lang='lat' dir='ltr'>febrim</span> <span class='ocrx_word' id='word_1_158' title='bbox 844 3467 1009 3553; x_wconf 91' lang='lat' dir='ltr'>demum</span> 
     </span>
     <span class='ocr_line' id='line_1_27' title="bbox 83 3594 1009 3708; baseline -0.003 -26"><span class='ocrx_word' id='word_1_159' title='bbox 83 3619 240 3687; x_wconf 84' lang='lat' dir='ltr'>acutam</span> <span class='ocrx_word' id='word_1_160' title='bbox 272 3602 415 3684; x_wconf 80' lang='lat' dir='ltr'>excitat</span> <span class='ocrx_word' id='word_1_161' title='bbox 444 3626 533 3683; x_wconf 91' lang='lat' dir='ltr'>cum</span> <span class='ocrx_word' id='word_1_162' title='bbox 560 3594 897 3708; x_wconf 81' lang='lat' dir='ltr'>symptomatibus,</span> <span class='ocrx_word' id='word_1_163' title='bbox 926 3622 1009 3706; x_wconf 87' lang='lat' dir='ltr'>quae</span> 
     </span>
    </p>
   </div>
   <div class='ocr_carea' id='block_1_6' title="bbox 82 3717 1009 3941">
    <p class='ocr_par' dir='ltr' id='par_1_6' title="bbox 82 3717 1009 3941">
     <span class='ocr_line' id='line_1_28' title="bbox 82 3717 1009 3941; baseline -0.001 -135"><span class='ocrx_word' id='word_1_164' title='bbox 82 3726 122 3808; x_wconf 89' lang='lat' dir='ltr'>in</span> <span class='ocrx_word' id='word_1_165' title='bbox 159 3718 310 3812; x_wconf 85' lang='lat' dir='ltr'>variolis</span> <span class='ocrx_word' id='word_1_166' title='bbox 356 3722 492 3834; x_wconf 86' lang='lat' dir='ltr'>prius</span> <span class='ocrx_word' id='word_1_167' title='bbox 503 3721 699 3838; x_wconf 82' lang='lat' dir='ltr'>observata</span> <span class='ocrx_word' id='word_1_168' title='bbox 744 3717 839 3806; x_wconf 88' lang='lat' dir='ltr'>sunt</span> <span class='ocrx_word' id='word_1_169' title='bbox 895 3719 1009 3941; x_wconf 64' lang='grc' dir='ltr'>[ἒάιό</span> 
     </span>
     <span class='ocr_line' id='line_1_29' title="bbox 753 3861 1006 3928; baseline -0.024 0"><span class='ocrx_word' id='word_1_170' title='bbox 753 3876 755 3881; x_wconf 94' lang='grc'><strong><em>·</em></strong></span> <span class='ocrx_word' id='word_1_171' title='bbox 840 3872 912 3928; x_wconf 79' lang='lat' dir='ltr'>ean</span> <span class='ocrx_word' id='word_1_172' title='bbox 943 3861 1006 3923; x_wconf 90' lang='lat' dir='ltr'>em</span> 
     </span>
    </p>
   </div>
   <div class='ocr_carea' id='block_1_7' title="bbox 0 0 1254 4358">
    <p class='ocr_par' dir='ltr' id='par_1_7' title="bbox 0 0 1254 4358">
     <span class='ocr_line' id='line_1_30' title="bbox 0 0 1254 4358; baseline 0 0"><span class='ocrx_word' id='word_1_173' title='bbox 0 0 1254 4358; x_wconf 95' lang='lat' dir='ltr'> </span> 
     </span>
    </p>
   </div>
  </div>
 </body>
</html>
