2498 4358
259 228 338 365 Da
351 226 839 359 ,Maeanderque
1059 245 1158 364 1977¹

87 441 304 534 qonceptus
321 417 542 532 iudiciique
576 418 674 505 clare
703 418 810 505 dietis
830 414 1019 553 scriptisve

82 547 240 660 pc.odat
298 545 426 641 Quale
459 542 620 653 quidem
658 547 786 654 operis
824 569 1005 651 genus
983 540 1019 621 ei

74 694 291 795 ptutquam
315 664 478 749 feliciter
499 661 686 748 cessurum
702 667 769 766 est,
792 669 897 769 ctrjus
911 689 1020 746 mens

74 770 167 897 llic
179 786 370 877 facultate
390 787 621 873 decernente
639 807 759 900 atque
780 789 845 871 ad
841 814 1020 932 unguem

60 917 248 1027 pedem
252 913 417 997 callente
437 940 513 996 non
526 932 698 997 ornatur
750 915 894 997 Frustra
912 916 1021 1005 euim

91 1058 257 1139 autores·
281 1037 508 1138 laudantur,
555 1064 725 1149 quorum
761 1037 876 1123 verba
908 1037 1022 1122 rebus

89 1161 257 1265 minime
287 1188 451 1271 congrua
470 1158 581 1262 sunt3
617 1189 687 1248 nec
719 1161 835 1246 verba
861 1166 1023 1260 omnino

74 1312 310 1405 §nongcuere
336 1284 450 1369 rebus
469 1278 636 1394 possunt,
661 1311 746 1396 quae
763 1285 859 1396 vage
878 1293 918 1370 δι
944 1311 1023 1375 uon

95 1407 357 1512 determinate
389 1408 436 1491 ad
469 1409 533 1490 has
561 1408 625 1490 vel
649 1409 733 1492 illas
762 1407 872 1522 aeque*
906 1415 1024 1518 perti·

76 1553 225 1636 suem„
259 1536 345 1620 Imd
378 1539 417 1617 δι
448 1533 488 1613 in
507 1529 649 1614 talibus
665 1532 872 1634 vacillatio,
897 1559 1025 1642 quan-

81 1683 221 1772 quam
252 1654 329 1741 alia·
360 1651 481 1737 forsan
508 1652 723 1764 culpentur,
750 1654 895 1762 pendet
909 1652 939 1738 d⁴
952 1656 1028 1764 pti·

97 1781 184 1883 mi,
208 1805 417 1888 puerorum
458 1777 712 1880 educatione,
752 1779 913 1892 quando
941 1770 1039 1865 vim·

81 1930 246 2007 ,uocum
264 1894 442 1985 font‘esve
460 1901 672 1985 earundem
693 1905 943 2016 proprietatis·
955 1921 1028 1993 aut

100 2025 219 2142 prave
256 2023 480 2124 ediscerent,
530 2045 599 2108 aut
638 2052 716 2110 non
746 2029 843 2109 tanti
878 2029 1028 2140 quanti

102 2152 194 2239 sunt
221 2150 413 2233 momenti
440 2149 666 2231 aestimantes
685 2150 809 2233 veluti
826 2152 1030 2234 rudimen.

103 2299 148 2363 ta
169 2273 373 2388 spreverint
385 2314 395 2372 ;
423 2274 552 2384 qualia
570 2273 662 2357 verd
692 2295 877 2390 tanquam
897 2275 1032 2361 funda-

97 2419 240 2509 ,menta
257 2398 403 2515 intueri
414 2407 601 2507 oportet..

107 2647 340 2739 ‚ffurofeeto
358 2668 516 2762 propter
529 2649 678 2732 nomina
697 2649 907 2762 improprie
926 2648 1032 2754 usur·
1054 2668 1161 2727 errores
1174 2683 1207 2727 u

88 2791 216 2894 ,putu
242 2775 370 2888 potitis
390 2777 507 2888 quim
535 2802 663 2859 rerum
691 2775 851 2882 ipsarum
878 2747 1177 2889 incerti-2512&

104 2902 288 3009 ῳάίηειιι
321 2903 360 2985 in
394 2927 540 2982 errores
567 2899 743 3012 plerique
769 2900 1034 2987 adolescentes
1048 2911 1144 2992 ugnas.

100 3024 357 3140 dilabuntur:
396 3026 601 3125 Enimvero
620 3051 706 3136 quae
731 3024 925 3109 interdurn
945 3027 1038 3108 lavi-

60 3221 63 3225 .
107 3149 155 3243 ‚tls
185 3166 353 3256 accepta,
379 3144 574 3226 interdurn
607 3146 826 3229 arctioribus
856 3147 1048 3230 terminis·

91 3273 254 3359 :astricta
272 3267 465 3369 dicuntur,
491 3265 541 3348 de
568 3265 666 3351 hisce
694 3266 788 3351 nihil
820 3273 915 3351 certi
947 3295 1040 3377 prae-

82 3390 211 3485 -finiri
244 3393 386 3503 potest.
437 3390 532 3474 Ideo
565 3383 603 3474 in
635 3390 780 3494 judiciis
810 3386 902 3474 satis
929 3393 1038 3480 culta

53 3575 55 3582 ,
112 3515 193 3607 ltaec
219 3510 379 3597 facultas
406 3513 603 3597 vocabulis
634 3514 773 3615 utitur,
797 3542 904 3627 quae
901 3544 1040 3603 omues

93 3633 336 3745 ,ambigendi
369 3633 495 3721 causas
527 3633 776 3746 undiquaque
798 3641 1039 3748 praecidunt,

113 3755 251 3965 quod
245 3755 347 3855 saue
359 3758 415 3852 ab
424 3757 523 3847 illis
538 3756 620 3840 fieri
647 3761 795 3871 nequit,
819 3766 889 3876 qui
911 3786 1040 3871 artem
1150 3774 1155 3783 “
1221 3789 1225 3798 ·

237 3943 240 3953 .
537 3882 624 3988 03
951 3908 1045 3998 pro
