2498 4358
302 230 384 338 De
408 229 660 345 Medicina
686 160 897 333 Mentis..
1084 240 1189 362 209

102 433 183 528 qtre'
211 419 314 504 male
346 415 556 501 habentem
581 410 791 528 prasertim
811 413 962 518 hujusce
986 411 1052 525 affl

102 536 244 624 sectare
274 567 451 640 munera,
476 559 599 651 atque
618 536 708 623 inde
727 566 833 621 vanae
854 538 1039 651 imagina-

100 661 218 744 tionis
250 665 524 773 intemperiem
556 661 718 745 minime
754 689 846 745 cum
879 657 951 739 hic
981 653 1040 741 f?

102 784 268 891 cultate,
292 786 419 895 modo
453 788 602 896 integra
625 784 684 890 stt,
710 786 927 870 convenire.
981 781 1038 866 At

100 909 196 994 vero
236 907 413 1018 ejusdem
449 911 662 1020 peculiares
701 909 829 993 morbi
864 909 1037 1015 amentia

98 1023 189 1117 sunt
208 1032 278 1117 ubi
292 1034 423 1146 prave,
443 1055 561 1146 atque
580 1062 628 1117 ex
648 1030 805 1117 adverso
823 1031 1034 1142 infipientia

99 1151 169 1236 ubi
206 1158 267 1242 vix
302 1158 461 1241 omnino
493 1157 697 1263 judicatur.
751 1163 933 1255 Quorum
949 1157 1037 1268 qui·
1165 1186 1170 1195 ·

99 1279 193 1365 dem
226 1284 403 1394 priorem
421 1285 516 1395 saepe
535 1282 780 1369 vehementia
800 1282 1034 1395 consequun-

98 1421 167 1489 tur
199 1401 476 1521 symptomata,
503 1409 633 1519 qualia
661 1407 772 1491 dietis
789 1404 940 1492 sanine
960 1438 1034 1493 no·
1100 1454 1106 1463 ³

98 1544 231 1614 tantur
245 1573 256 1632 3
283 1536 322 1615 in
350 1533 475 1617 altero
505 1531 597 1616 vero
616 1531 818 1615 discrimen
839 1535 939 1616 inter
963 1532 1035 1617 ho·

66 1735 70 1740 .
96 1651 226 1735 mines
245 1678 289 1736 ac
302 1653 418 1740 bruta
433 1657 641 1740 animantia
657 1654 678 1743 ἐ
692 1656 825 1739 medio
839 1651 1033 1740 sublatum

92 1773 266 1862 ridetur.

88 2060 96 2073 ··
153 2026 218 2112 Ut
249 2025 365 2132 judex
397 2027 687 2116 consummatus
714 2049 859 2116 natura:
878 2028 1029 2140 pressius
1051 2049 1187 2127 Signan-

95 2153 263 2264 vestigijs
283 2155 460 2261 infistere,
487 2166 526 2243 &
545 2157 593 2241 ab
611 2157 746 2240 ordine
767 2160 845 2262 ejus
863 2156 1030 2242 stabilito
1051 2136 1174 2205 ’Μ’-

92 2298 176 2364 non
194 2279 411 2385 abhorrere,
438 2281 568 2368 verum
587 2281 817 2393 dignitatem
832 2283 936 2369 suam
950 2288 1030 2389 jux-

91 2424 134 2489 ta
166 2409 338 2491 eundem
366 2407 585 2493 conservare
616 2405 744 2510 solet3
771 2409 822 2493 fic
853 2415 969 2493 etium
1004 2411 1027 2495 a

91 2531 268 2618 moribus
298 2532 549 2618 immutandis
578 2558 727 2636 cavere,
753 2537 822 2643 qui
843 2534 890 2617 ad
916 2557 1028 2620 natu-

89 2674 177 2759 tam
209 2677 299 2757 ‚tam
333 2656 451 2768 propi
490 2655 696 2758 accedunt,
722 2676 768 2739 ut
801 2656 850 2740 ab
882 2654 1024 2744 eidem

91 2811 172 2869 non
192 2784 258 2868 nisr
276 2787 370 2896 aegre
390 2787 547 2898 separari
570 2804 731 2898 queant.
786 2785 1026 2898 Ubicunque

90 2910 211 3018 igitur
229 2910 309 2993 hec
330 2907 495 2996 facultas
513 2915 662 3018 integra
682 2930 830 3014 manet,
856 2914 1026 2996 constans

88 3040 128 3120 δι
162 3055 350 3146 perpetua
385 3040 556 3120 cernitur
585 3035 764 3122 voluntas
784 3037 947 3150 singulos
967 3067 1027 3122 re-

87 3184 174 3244 rum
206 3161 365 3244 ordines
389 3160 585 3247 distinctos
618 3161 877 3266 conservandi,
903 3183 1024 3273 prout

86 3279 367 3370 consuetudine
405 3285 537 3396 signati
573 3283 678 3387 sunt,
712 3290 838 3399 qualis
872 3287 1023 3396 iegibus

84 3428 235 3492 naturae
267 3405 430 3492 consona
463 3410 529 3511 est,
557 3435 685 3521 neque
708 3404 945 3513 &communi
965 3414 1022 3515 ju-

82 3533 216 3620 dicum
269 3535 609 3621 oculatiffimorum
653 3532 759 3623 sensu
797 3536 933 3620 aliena.
986 3536 1021 3627 E

83 3658 284 3740 contrario
314 3676 458 3740 autem·
474 3657 500 3740 fi
519 3658 605 3770 quis
626 3667 781 3766 repente
802 3657 951 3770 longius
969 3660 1019 3743 ab

79 3773 306 3895 huiusmodi
357 3776 551 3896 consuetis
596 3778 770 3895 moribus
808 3811 886 3871 non
920 3781 1018 3869 dati
1073 3826 1077 3836 ·
1135 3770 1138 3775 ’

532 3906 564 3989 Ρ
901 3901 1025 3993 causi.
