2498 4358
66 219 169 334 124

377 193 458 305 Dr
487 181 741 306 Medicina
770 190 967 299 Mentis.

197 396 292 465 nota
309 376 462 462 abunde
477 375 720 489 depromant,
738 373 818 461 hac
849 376 976 466 statim
1005 379 1142 494 evilei.

195 522 299 606 cant,
325 521 444 617 atque
478 521 528 588 ut
556 500 636 614 ipfi‘
658 505 802 625 pariter
843 522 1006 589 autores
1036 513 1141 596 tanti

198 654 275 714 non
295 627 525 730 habeantur,
560 626 722 712 faciant.
778 632 867 712 Nec
884 631 1049 740 quidem
1068 639 1142 717 mi·

199 779 287 836 rum
308 751 432 836 videri
451 741 593 859 potest,
627 748 654 832 sr
687 752 758 863 qui
778 746 855 833 fine
877 750 1038 841 delectu
1066 783 1136 843 cu·

201 875 416 980 muldrunt,
441 876 582 959 eadem
609 874 732 958 etiam
773 872 849 962 fine
892 875 975 989 ipso
1008 876 1138 991 profe·

199 1019 301 1087 rant.
352 1003 498 1109 Neque
534 1001 643 1083 enim
680 996 872 1111 sapientiae
895 999 970 1086 eise
1012 998 1108 1088 cens
1122 1054 1140 1073 ·

197 1141 276 1226 tur,
310 1125 543 1208 memoriam
562 1121 761 1208 ostendere
796 1122 937 1210 vilium
972 1153 1019 1211 ac
1050 1128 1140 1214 uul-

197 1246 275 1334 lius
299 1247 411 1359 pretii
434 1273 564 1333 rerum
584 1272 702 1329 onere
724 1249 984 1334 cumulatam·
1012 1249 1137 1347 Quod

196 1370 239 1476 fi,
256 1390 304 1456 ut
336 1400 414 1457 non
434 1370 522 1456 rarb
542 1373 688 1473 evenit,
702 1368 782 1455 haec
799 1371 891 1455 vilia
910 1371 1020 1485 apud
1037 1371 1137 1487 ipso·

198 1521 288 1582 rum
311 1490 553 1606 poffefforem
580 1495 717 1580 valent
747 1492 865 1603 longe*
886 1491 997 1608 suprd
1020 1495 1138 1610 quim

196 1615 301 1727 apud
321 1639 496 1723 caeteros,
519 1623 590 1733 qui
629 1612 846 1701 istiusmodi
886 1646 1021 1704 rerum
1050 1649 1138 1732 pre·

204 1746 247 1847 tij
284 1743 433 1848 judices
459 1747 578 1854 agniti
619 1739 718 1843 sunt,
773 1739 1037 1828 deridendum
1066 1741 1131 1830 sae·

199 1894 250 1978 pe
262 1868 381 1953 talem
392 1872 609 1980 propinant.
648 1871 739 1954 Nec
759 1867 859 1953 iilud
874 1864 1058 1979 profedtb
1078 1889 1135 1956 ta-

199 1991 499 2102 cendum,quod
515 2017 795 2105 nonnunquam
808 1997 978 2095 eveniat,
988 2010 1038 2079 ut
1053 2018 1134 2077 me·

199 2114 332 2194 moriae
353 2111 547 2198 bonorum
569 2117 803 2225 pauperrimi
818 2114 1001 2201 laudatos
1018 2141 1132 2228 prop·

199 2255 260 2320 ter
296 2238 437 2320 eadem
469 2237 609 2322 invidid
661 2236 975 2351 prosequantur,
1025 2240 1133 2325 ided-

201 2387 281 2475 que
310 2363 403 2447 talia
438 2362 674 2470 depretiem,
698 2357 924 2478 ubicunque
957 2382 1024 2450 tot
1049 2383 1133 2452 tan·

199 2483 409 2596 tort‘tmque
436 2487 588 2592 copiam
623 2482 974 2572 memoriaflorens
999 2483 1133 2598 suppe-

201 2608 318 2709 ditat,
342 2605 555 2718 opibr'rsque
576 2605 649 2690 suis
689 2604 829 2710 affluit,
855 2609 999 2720 quibus
1018 2637 1134 2694 temu-

199 2730 229 2812 li
249 2732 438 2841 indigent.
492 2736 651 2838 Nempe
677 2731 778 2812 tales
808 2727 903 2840 saepe
937 2729 1132 2815 thesauros

197 2852 267 2961 ipsr
287 2883 354 2960 per
374 2869 502 2937 totam
521 2853 646 2937 forsan
666 2857 786 2937 vitam
809 2850 981 2938 sedulam
1004 2881 1050 2936 ac
1072 2878 1134 2936 ne·

202 2977 317 3080 gotijs
363 2975 536 3059 deditam
579 2976 903 3088 conquisrverunt,
946 2996 1132 3088 tanquam

202 3094 315 3182 hosce
339 3127 440 3211 quos
473 3106 694 3186 attentione
714 3122 832 3213 atque
864 3103 1132 3188 recordatione

202 3222 436 3330 digniffimos
463 3223 722 3310 existimdtunt
752 3261 761 3307 :
818 3228 896 3325 Atii
915 3228 1025 3331 verb,
1045 3229 1130 3341 qui-

82 3428 86 3437 ,
201 3345 271 3426 bus
289 3347 434 3430 oceaho
454 3347 616 3431 eosdem
655 3347 892 3434 nanciscendi
931 3380 1009 3450 non
1033 3349 1134 3450 data,

198 3488 269 3549 aut
296 3472 436 3582 quibus
454 3459 580 3584 elapsa
610 3469 699 3573 fuit,
726 3499 827 3557 nunc
849 3471 959 3584 quasr
977 3461 1134 3582 despec-

197 3593 258 3673 tui
285 3589 468 3676 habentes
486 3593 608 3677 videri
641 3597 792 3678 volunt.
824 3595 910 3707 ‘Ac
928 3593 1030 3681 hisce
1049 3600 1134 3717 qui·

198 3712 291 3795 dem
312 3715 440 3801 modis
458 3716 572 3802 dotes
601 3735 745 3806 naturae
764 3715 860 3836 saepe
886 3714 1054 3823 sordent,
1067 3738 1131 3803 aut

961 3863 1134 3925 contem·
