2498 4358
114 198 216 356 248

430 210 510 321 De
534 208 785 324 andnim
810 217 1013 326 Mensis.

243 411 354 506 gunt,
378 388 567 481 terminos
584 399 758 480 statuere.
813 404 935 483 Prout
952 403 1073 510 igitur
1085 428 1182 484 om·

247 520 306 601 nis
323 523 476 623 notitia,
501 541 638 628 ptaeter
655 549 744 605 eam
762 549 847 634 quae
871 525 921 604 ad
943 526 1043 636 ipsas
1073 555 1187 611 men-

246 646 299 726 tis
323 640 530 727 facultates
559 642 712 750 spectat,
742 645 792 727 de
820 647 932 728 rebus
951 647 1106 757 fingulis
1132 653 1189 732 ei-

247 765 341 850 dem
368 768 522 870 obiectis
551 772 749 876 provenire
770 768 981 871 consuevit,
1007 799 1190 882 compre·

246 888 466 975 hensionem
486 891 686 973 humanam
706 895 769 974 vix
789 894 884 974 ultra
904 892 1018 976 hosce
1039 896 1189 978 limites

248 1016 407 1098 extendi
422 1012 608 1096 credibile
621 1015 686 1095 eil.
742 1018 885 1125 Neque
901 1014 985 1098 sane
1007 1044 1057 1100 ex
1084 1017 1189 1103 libris

248 1134 472 1246 operibusve
490 1161 641 1238 eorum,
668 1139 734 1248 qui
765 1135 867 1222 clare*
896 1167 979 1220 rem
997 1137 1187 1248 exposue-

247 1280 348 1359 aunt,
388 1285 516 1370 neque
543 1287 590 1341 ex
623 1257 731 1345 dictis
759 1259 907 1344 saetisve
944 1261 1188 1348 omnimodis

248 1384 396 1499 aliquid
420 1384 522 1469 ultra
548 1385 694 1488 uidere,
731 1387 796 1469 nisa
816 1385 1085 1470 adulationem
1116 1414 1186 1498 pto

245 1515 411 1595 veritate
428 1509 698 1610 admittamus,
729 1511 907 1616 contigit.
961 1509 1083 1594 Fuere
1097 1537 1185 1620 pro·

246 1634 351 1721 feno
384 1634 626 1717 celeberrimi
652 1638 933 1745 praeteritorum
967 1632 1184 1719 seculorum

245 1764 331 1862 uiti,
363 1761 489 1844 uti&
522 1760 649 1858 nostri,
688 1762 756 1868 qui
791 1761 896 1868 plura
931 1758 1184 1865 prodiderunt

247 1886 481 1990 cognitionis
499 1909 576 1963 non
605 1884 773 1990 vulgaris
803 1884 996 1990 exempla,
1023 1884 1183 1963 ratioci-

244 2003 390 2114 niisque
409 2003 544 2115 scripta
566 2001 627 2086 sua
653 2005 834 2113 praeclaris
864 2001 1044 2086 ditirunt.
1098 2002 1179 2086 Sed

246 2125 407 2217 fiholte-
425 2147 635 2227 taceamus,
673 2129 739 2233 qui
768 2129 932 2236 intelligi
957 2127 1181 2228 noluerunt,

247 2250 386 2361 quibus
420 2253 537 2357 igitur
571 2249 666 2331 fides
698 2250 857 2334 minime
894 2249 1078 2359 exigenda
1114 2251 1181 2345 est,

245 2379 308 2456 vix
335 2372 550 2485 quidquam
583 2372 790 2482 protulere,
818 2375 925 2482 quod
959 2376 1059 2456 intra
1091 2400 1175 2454 can·

96 2479 98 2483 ¹
201 2550 205 2556 -
243 2499 369 2592 cellos
399 2526 476 2580 non
512 2503 746 2599 continetur,
772 2499 908 2609 quales
947 2498 1178 2582 facultatum

244 2622 508 2730 praedictarum
571 2622 781 2734 operibus.
816 2641 935 2732 atque
997 2626 1178 2728 exercitiis

243 2748 535 2852 ptaellituuntut.

163 3049 177 3060 -
297 2993 444 3092 Verum
466 2995 650 3107 quoniam
670 2996 863 3106 Pyrrhonij
898 2997 979 3101 alijs
1010 2998 1181 3109 philoso-

68 3122 162 3238 2¹:5⁸
185 3182 200 3225 ·.
243 3120 327 3234 phis
356 3120 474 3206 fidem
497 3120 757 3223 detraxerunt,
793 3117 912 3232 inque
936 3153 1082 3206 omnes
1113 3154 1181 3210 eo·

90 3240 122 3318 i'.
181 3257 183 3261 ’
241 3272 329 3329 anm
351 3248 548 3356 opiniones
582 3265 704 3354 atque
730 3243 982 3329 fundamenta
1010 3246 1182 3359 inspexe-

243 3378 347 3470 runt,
384 3370 456 3464 boc
488 3373 613 3478 operis
649 3369 697 3452 ab
729 3368 805 3449 illis
840 3369 1064 3453 confectum
1098 3376 1180 3471 est3

243 3513 364 3602 atque
384 3521 431 3580 ex
452 3493 532 3604 ipfis
551 3490 692 3584 discere
706 3492 772 3591 est,
799 3516 919 3602 quare
941 3521 1083 3576 eorum
1099 3493 1179 3579 sen-

242 3620 384 3697 tentias
413 3619 615 3726 repudiare
646 3616 909 3700 studuerunt:'
940 3618 1048 3703 lllud
1068 3619 1177 3730 siqui-

239 3738 334 3842 dem
359 3765 409 3833 ex
440 3743 564 3838 Sexto
599 3739 806 3856 Empirico-
826 3757 949 3846 patet,
977 3740 1174 3854 qui-leae

764 3904 771 3911 ·
1071 3866 1177 3948 istius
