2498 4358
256 222 336 338 De
364 198 845 345 MediciuaMentis.
970 144 972 148 '
1061 259 1160 369 155
1228 372 1231 376 A

137 543 194 626 Ex
223 530 300 620 und
332 534 495 619 interim
524 533 588 617 vel
617 529 742 618 alteri
760 534 945 619 vitiorum
967 536 1021 617 in·
1038 585 1178 663 imagina-

80 666 177 752 doie
211 661 337 745 oritur
367 656 472 744 male
494 656 577 742 sana
593 660 873 769 imaginatricis
893 658 1024 743 condi·
1042 669 1157 728 aroma

81 796 168 891 ti03
195 784 300 873 adeo
331 804 379 870 ut
414 785 502 868 hinc
536 814 584 869 ex
607 789 780 870 vanitate
809 784 920 898 iupra
938 748 1118 869 mom·

82 917 184 1001 dum
207 908 493 999 intumescente
523 911 749 1024 frequenter
776 911 884 997 furor
902 908 1027 995 nasca-

82 1059 176 1138 tur3
202 1037 313 1121 illinc
344 1035 439 1121 verd
475 1041 514 1119 in
545 1035 713 1123 alterum
732 1034 879 1120 insaniae
903 1062 1025 1146 genus

84 1181 281 1264 curratur,
320 1160 430 1273 quod
460 1159 553 1245 dein
583 1163 904 1270 imaginationem
925 1157 1024 1243 falfis

82 1287 232 1398 impiet
262 1288 487 1370 terroribus.
540 1283 759 1396 Quousque
786 1289 905 1397 igitur
932 1281 1026 1367 sani-

84 1413 183 1494 tatis
200 1414 396 1521 pomoeria
415 1410 611 1520 pertinent
631 1409 785 1536 ejusque
803 1409 896 1494 fines
909 1409 1027 1491 statu-

84 1532 249 1636 endum,
293 1533 517 1649 priusquam
550 1561 611 1635 ea,
649 1562 736 1648 quae
769 1531 1025 1619 malesanam

85 1649 163 1738 effe
182 1655 282 1743 banc
297 1661 523 1749 facultatem
541 1660 740 1760 evincunt,
766 1654 1025 1744 internoscere

84 1780 198 1866 licet.
252 1786 316 1870 Ut
334 1788 626 1903 integerrimam
647 1784 739 1869 vero
757 1786 838 1888 ejus
859 1778 1024 1865 conditi-

86 1935 207 1994 onem
244 1907 342 2003 hanc
372 1908 448 1995 effe
474 1931 599 2025 patet,
625 1908 694 1995 sub
712 1907 793 2020 qui
803 1910 921 2014 judici
940 1931 1025 2014 pera

86 2034 216 2148 petuo
232 2031 445 2137 auscultat3
473 2036 521 2121 fic
541 2038 662 2118 etiam
676 2064 754 2121 non
773 2031 876 2118 maid
895 2031 1025 2114 sanam
1164 2074 1167 2079 ·

87 2158 182 2258 dici,
208 2156 394 2270 fiquando
409 2161 530 2243 animi
548 2154 703 2244 affeuus
718 2145 938 2269 corripiant,
964 2154 1024 2255 ip-

85 2277 248 2394 simque
268 2283 477 2392 integram,
496 2283 700 2397 postquam
715 2279 938 2393 posuerunt,
965 2301 1026 2360 re-

86 2403 272 2516 linquant
286 2445 298 2503 ς
322 2405 457 2517 quales
488 2425 622 2493 tamen
650 2406 744 2523 saepe
769 2419 1027 2507 recurrentes,

89 2527 238 2640 dirique
264 2527 446 2616 durantes
462 2530 631 2615 eandem
649 2530 766 2616 valde
785 2528 1027 2641 perturbant,

89 2659 132 2738 &
163 2679 243 2737 non
275 2652 361 2738 rard
392 2656 432 2741 in
460 2652 642 2739 insaniam
670 2654 861 2739 definunt.
913 2657 1027 2746 Quo-

91 2805 250 2891 cunque
282 2799 417 2864 autem
446 2782 569 2865 modo
587 2784 775 2894 imagines
797 2779 1028 2876 formantur,
1080 2829 1082 2835 >

92 2897 256 3004 iijudici
273 2893 480 2987 offerantur
492 2922 684 3016 tanquam
704 2903 887 3009 conficte,
903 2930 1028 3019 quan-

92 3024 245 3107 tumvis
294 3029 393 3109 veris
440 3025 512 3111 srnt
559 3029 713 3132 similes,
741 3051 918 3116 attamen
950 3058 1029 3114 non

93 3147 230 3231 eidem
260 3149 522 3239 obtrudantur
548 3154 674 3239 veluti
693 3183 754 3238 res
770 3155 854 3264 ipsae
873 3182 1032 3267 percep-

94 3287 160 3373 tae,
188 3269 264 3354 hoc
296 3273 462 3385 quidem
493 3279 811 3386 imaginationem
838 3279 941 3363 male
974 3279 1031 3360 sa·

95 3420 204 3477 nam·
220 3421 301 3480 non
324 3398 482 3501 indicat,
508 3400 661 3484 tametsi
682 3401 835 3487 abunde
854 3431 1030 3489 errorum

94 3518 204 3604 illinc
223 3518 455 3613 deducatur..
508 3526 569 3610 Ac
589 3546 793 3637 propterea
811 3547 895 3612 tum
907 3526 1035 3616 solum

95 3639 464 3779 imaginatiohaud
492 3643 590 3743 bene
617 3649 744 3730 valere
764 3647 949 3737 censenda
969 3657 1037 3755 est,

96 3760 259 3873 quando
287 3764 424 3875 judicis
440 3790 569 3880 partes
590 3769 767 3859 sustinere
788 3775 943 3883 audeat,
970 3778 1036 3859 vel
1106 3849 1111 3863 .

979 3923 1045 3982 tea
