2498 4358
109 296 204 404 152

69 2879 154 2936 Ve'r'rto
155 2897 200 2935 um

68 2962 164 3017 remed
164 2975 183 3015 a

70 3041 193 3118 duplicia.

400 271 479 377 De
507 265 757 383 Medicina
782 269 983 382 Mentis.

239 489 310 547 nus
330 463 393 548 fibi
423 465 487 579 (a)
508 467 825 566 accommodum,
855 488 999 576 nempe
1020 463 1069 550 ad
1086 434 1180 574 pro-²

242 586 409 672 dendam
434 595 638 675 veritatem
672 588 812 673 fabulis
840 588 1069 687 obductam,
1093 582 1177 699 qual

240 715 390 794 ratione
411 711 538 798 Perses
562 715 767 799 sanaretur.
823 711 884 795 Ac
906 711 988 793 tale
1009 708 1175 824 quidem

239 835 526 945 imaginationis
553 865 652 949 opus
686 833 844 919 adhibet
863 854 1054 947 tanquam
1082 862 1179 946 prae·

239 952 372 1041 fidium
410 958 586 1045 adversus
612 960 730 1044 isthoc
760 959 841 1060 vitij
875 984 996 1068 genus
1027 953 1178 1042 utilill'r·

242 1108 366 1164 mum.
424 1084 610 1168 Fabulam
645 1104 895 1168 autemeam
928 1088 1092 1196 exponit
1128 1082 1178 1165 de

243 1205 392 1316 duplici
425 1212 680 1292 contentionis
720 1235 869 1317 genere,
911 1207 984 1293 boc
1016 1211 1176 1306 scilicet,

243 1335 353 1446 quod
385 1339 423 1418 in
456 1334 562 1419 bello
600 1335 779 1435 cernitur,
815 1335 933 1447 quale
953 1341 1176 1449 vituperan-

244 1461 368 1560 dum;
416 1459 540 1544 altero
573 1466 679 1561 verb,
715 1457 833 1568 quale
866 1463 998 1546 nrultb
1036 1457 1175 1548 melitis

243 1583 466 1669 hominibus
492 1582 610 1683 cedit,
637 1583 820 1665 nimirum
851 1585 961 1694 quod
990 1589 1031 1669 in
1056 1614 1175 1671 aemu-

243 1709 391 1793 latione
411 1706 691 1816 utplurimum
717 1702 831 1788 fitum
849 1708 927 1789 est:
972 1712 1082 1793 Prius
1110 1738 1172 1796 va·

243 1837 354 1917 nitati
378 1831 564 1930 debetur3
592 1829 778 1937 posterius
806 1828 911 1947 verb,
938 1839 1076 1943 quanti
1107 1834 1174 1920 ho-

245 1960 369 2038 mines
403 1955 547 2055 valent,
573 1953 723 2063 probat.
779 1958 868 2038 Nec
901 1961 974 2042 alia
1008 1957 1089 2041 fere
1126 1959 1173 2043 ab

244 2076 342 2161 bisce
365 2079 612 2160 inveniuntur
633 2075 735 2184 apud
756 2080 1038 2191 antiquillrmos
1060 2079 1174 2194 quol-

217 2197 219 2201 ’
243 2205 302 2283 vis
319 2220 438 2301 vates,
465 2201 534 2308 qui
557 2197 695 2280 fabulis
712 2197 991 2305 laudatiffimis,
1030 2205 1173 2317 quibus

244 2325 350 2409 certe*
369 2344 465 2408 tunc
485 2324 672 2429 temporis
698 2342 886 2434 tanquam
921 2327 1032 2412 sacrae
1064 2330 1172 2415 hillo-

241 2454 305 2535 riae
321 2449 440 2532 fidem
462 2447 707 2549 adhibebant,
733 2473 803 2554 pro
831 2454 1013 2557 remedijs
1037 2455 1170 2543 utrius·
1209 2480 1212 2491 ·

241 2601 320 2686 que
339 2578 378 2656 in
402 2574 678 2682 imaginatione
698 2572 777 2676 vitij
798 2591 1016 2661 uterentur.

296 2822 534 2907 Remedium
558 2824 680 2930 igitur
711 2818 899 2924 ejusmodi
931 2823 1080 2935 duplex
1108 2831 1168 2931 ell,

241 2964 310 3030 aut
329 2971 416 3026 acre
435 2965 554 3056 atque
571 2948 821 3045 inuedlivum,
848 2964 915 3027 aut
933 2949 1166 3036 ridiculum:

240 3055 475 3178 Utrumque
497 3096 588 3149 vero
566 3066 822 3148 adhibitum
842 3068 1081 3214 plerumque
1100 3074 1169 3159 fuit

238 3194 287 3275 ad
311 3217 438 3273 mores
461 3188 714 3296 castigandos;
753 3215 825 3271 nec
853 3187 978 3272 minus
999 3195 1101 3276 utile
1121 3192 1166 3276 ad
1186 3215 1189 3221 ·

238 3312 415 3399 tollenda
451 3314 734 3421 imaginationis
779 3315 872 3394 vitia
910 3331 1168 3427 compertum.

290 3680 328 3766 (a
331 3678 345 3764 )
373 3692 469 3758 Κλῢθι
490 3630 594 3759 ltuv'
577 3688 686 3759 adnuae
689 3691 830 3775 dlnpl’
847 3664 925 3764 ibunt
953 3696 1083 3779 θεμιςὰς

290 3797 402 3882 Τύνη”
386 3827 449 3884 εγω
434 3799 499 3870 δέ
509 3825 542 3870 κε
560 3799 622 3886 Πέρ
609 3825 663 3932 nan
681 3805 827 3887 ἐτήτυμα
843 3784 1048 3892 μυθησαίμην.
1081 3801 1167 3993 lbsci

1037 3915 1122 3998 Pri
