2498 4358
261 205 342 342 De
367 201 616 339 Medicina
640 205 839 319 Mentis.
1045 221 1144 337 109
1217 157 1220 162 Δ

78 377 237 467 summa
256 409 387 464 rerum
403 402 538 466 mente
551 386 755 495 agitantes,
783 415 828 469 ea
849 383 926 470 sola
943 385 1011 470 de·

80 524 246 616 cerpunt
280 501 482 609 servanda
507 536 590 620 quae
620 513 776 613 majoris
810 510 897 605 sunt
926 539 1012 595 mo-

80 638 220 741 menti,
248 631 425 746 qualidve
445 634 651 722 distinotius
677 637 816 724 habere
837 638 1015 750 expedit.

81 759 208 845 Unde
239 762 379 844 talium
411 763 596 844 memoria
618 781 809 874 tanquam
830 761 980 872 pretios
997 811 1016 827 -
1103 834 1105 839 .

82 914 169 969 rum
204 883 400 971 thesaurus
432 905 616 995 apparet3
642 888 799 1000 quando
820 886 924 971 secus
943 917 1014 974 nu·
1164 874 1167 882 ’

80 1033 219 1128 garum
248 1010 458 1122 rerumque
488 1011 621 1094 vilium
655 1011 802 1122 farrago
829 1040 921 1097 cum
943 1040 1013 1095 cae-
1124 1050 1126 1061 ¹

37 1200 42 1210 .
82 1137 177 1218 teris
207 1133 410 1218 indiscreta
437 1133 647 1250 exp'ersque
675 1139 862 1223 examinis
883 1138 1012 1224 videa·

82 1281 158 1346 tur.

135 1516 373 1622 Quanquam
415 1494 534 1620 igitur
570 1505 673 1622 posse
710 1507 875 1624 plurima
909 1515 1008 1599 haud
1025 1538 1162 1635 apausta-

69 1634 181 1746 vaegrd
214 1639 253 1718 in
285 1634 477 1718 memorii
502 1633 582 1720 uua
609 1635 818 1718 recondere
839 1637 1011 1722 ostendat
1022 1633 1143 1700 '‘W‘'

81 1761 201 1844 robur
238 1755 518 1870 vigentemque
550 1777 719 1859 aetatem,
751 1761 847 1843 vitio
878 1779 1013 1843 tamen

81 1882 163 1968 haec
196 1879 273 1992 ipsa
307 1901 425 1994 caret,
453 1911 541 1995 quae
561 1910 607 1965 ea
625 1878 704 1967 sola
722 1901 845 1986 tenet,
872 1883 1015 1996 quibus

80 2033 181 2115 opus
201 2005 246 2091 stt
265 2025 312 2090 ut
332 2003 522 2091 sententia
541 2005 615 2092 rite
635 2006 685 2090 de
705 2004 839 2110 ijsdem
855 2006 1015 2094 seratur.

82 2134 214 2217 Inanis
240 2129 428 2243 siquidem
457 2129 539 2244 spes
569 2130 636 2231 est,
670 2157 756 2242 quae
778 2135 955 2242 vigorem
974 2136 1015 2216 in

82 2275 200 2340 aetate
235 2257 312 2360 jam
345 2260 518 2368 vergenti
548 2255 642 2340 velit
650 2295 662 2354 3
691 2255 760 2336 ubi
790 2259 945 2366 optima
966 2283 1014 2339 ea

81 2378 259 2464 ducenda
283 2381 336 2464 est
356 2383 562 2482 memoria,
588 2408 639 2464 ex
661 2376 739 2494 qud
758 2379 863 2462 nulla
883 2383 1013 2490 appri-

82 2506 149 2589 me
182 2506 295 2591 utilia
325 2509 405 2610 ejus
433 2504 525 2589 fidei
546 2504 707 2606 credita,
733 2501 854 2586 modo
874 2531 1013 2589 eorum

82 2656 269 2716 uumerus
289 2633 390 2714 vires
405 2657 483 2716 non
502 2624 714 2728 excesserit,
741 2625 960 2711 elabuntur.

135 2873 273 2988 Itaque
293 2875 417 2961 modo
438 2879 626 2962 memoria
647 2903 717 2986 pro
737 2873 880 2959 viribus
898 2893 1013 2964 tenax
1026 2911 1114 2986 tage.

81 3001 141 3105 srt,
168 3005 363 3111 integram
392 3029 479 3086 eam
515 3001 665 3086 censere
698 3003 807 3104 licet,
834 3006 1016 3112 quamvis
1081 3096 1083 3103 J

81 3149 148 3211 tot
178 3125 346 3238 tamque
374 3123 396 3206 a
416 3124 452 3208 se
471 3130 637 3215 invicem
653 3125 813 3228 diversa,
840 3144 942 3237 quot
960 3131 1016 3229 iu·

80 3257 191 3337 venis
224 3252 421 3337 addiscere
447 3250 614 3353 valebat,
638 3245 712 3355 jam
740 3251 863 3335 senior
884 3270 1016 3333 tenere

80 3398 270 3490 nequeat.
325 3378 562 3464 Notandum
579 3380 733 3461 interim
749 3377 947 3458 memoriae
961 3380 1018 3461 vi·

80 3532 143 3591 res
176 3531 254 3587 non
275 3500 349 3596 esse
370 3504 599 3587 aestimandas
619 3532 667 3587 ex
686 3531 817 3588 rerum
838 3530 1019 3612 numer0,

79 3625 150 3710 nisr
176 3627 262 3736 ipsae
288 3625 507 3736 fingulatim
528 3647 775 3735 reponantur,
802 3631 904 3708 inter
922 3655 1019 3737 quas

79 3751 192 3862 nulla
220 3751 428 3863 intercedit
449 3755 572 3864 menti
592 3753 718 3858 agnita
741 3745 902 3837 affinitas
925 3776 1019 3856 cog·
1084 3758 1086 3762 ’

722 3952 726 3959 ,
848 3868 1021 3970 natrove,
