2498 4358
258 200 339 309 ot
364 191 616 351 meatem
644 190 851 301 moros.

136 515 265 601 Primo
285 510 420 621 igitur,
450 500 523 614 ejus
543 476 788 615 [medicine]
815 523 892 609 qua
911 491 1018 580 vitiu

79 633 209 723 morbos
240 651 357 736 curat,
392 625 493 737 longe
525 618 701 732 csarrffimi
735 641 874 708 autores
909 619 1020 705 etiam
1036 586 1186 753 {²2inss

1054 209 1161 326 279

1037 514 1078 573 De
1088 515 1184 611 sintin·

80 759 191 851 attinio
211 752 373 872 quadam
406 754 547 864 agitare
581 751 713 856 conari,
739 777 856 835 rerum
886 771 1021 861 quoqne
1038 768 1177 838 rucenn-

82 904 222 973 natnra
247 878 318 991 fibi
343 880 574 991 cognitionem
590 942 593 947 .
607 875 915 982 vendicaverunt,
939 889 1025 956 tanr-

79 1038 190 1125 qnam
199 1005 277 1117 sene
294 1007 341 1097 ed
363 1025 491 1093 trunca
515 1002 562 1107 (φ
589 998 712 1087 debitis
737 1001 913 1089 medicina
932 992 1025 1108 εὔει.

84 1130 171 1245 Pop
183 1158 268 1246 quot
284 1132 464 1245 Serapion,
484 1129 620 1245 primns
631 1127 803 1241 omnium,
827 1126 920 1214 nita
934 1126 1026 1213 hanc

83 1257 296 1345 rationalem
329 1252 553 1369 disciplinam
581 1253 758 1363 pertinere
794 1251 847 1338 ad
880 1249 1025 1337 medici·

86 1411 175 1473 nam
206 1380 389 1498 profisius,
426 1379 466 1464 r‘n
498 1375 564 1490 usu
586 1377 635 1478 (p
666 1382 913 1490 experimentis
946 1405 1026 1463 earn

83 1505 215 1624 posuit.
269 1509 385 1611 Quasi
419 1504 566 1591 scilicet
598 1532 730 1589 rerum
761 1525 907 1593 nature
933 1532 1027 1620 cog,

84 1636 187 1723 nitio
222 1661 302 1721 non
331 1629 537 1741 superaddi
565 1626 677 1737 poffit
701 1627 845 1731 eidem,
872 1657 959 1741 quae
977 1629 1027 1714 ab

88 1759 161 1849 usu
183 1766 223 1847 δι
251 1758 529 1871 experimentis
559 1753 767 1839 derivatur.
820 1753 957 1857 Quod,
982 1755 1029 1836 li·

86 1883 152 1967 oet
186 1903 270 1967 tant
290 1881 394 1968 elate
426 1900 569 1990 pateat,
595 1877 768 1991 ipriscis
796 1883 872 1965 istis
904 1879 1028 1997 usque

86 2003 136 2091 ad
169 2006 294 2093 nostro
329 2024 512 2118 temporo
543 2003 745 2115 quarinum
783 2003 872 2089 suit.
927 2008 1029 2108 Quis

1039 841 1169 898 rtmrn.

86 2149 223 2218 autern
241 2136 295 2216 est
315 2133 381 2214 iste
401 2130 520 2220 usus?
549 2158 596 2213 oo
610 2137 803 2215 automati
825 2130 1025 2237 cujusdam
1142 2150 1145 2159 “

89 2251 244 2340 cursum
269 2250 405 2365 sponte
436 2249 501 2337 sua
539 2251 786 2353 conficientis,
815 2282 862 2336 an
883 2259 1030 2341 mentis

89 2378 292 2491 sagacitate
321 2371 387 2461 sud
419 2373 561 2485 fingula
591 2379 772 2479 notantis,
809 2398 930 2490 atque
957 2382 1029 2465 ite-

91 2529 181 2585 rum
210 2494 463 2608 dignoscentis
490 2517 603 2581 notas
619 2497 824 2604 ejusmodi,
849 2531 926 2586 non
943 2506 1032 2615 qui·

91 2622 185 2709 dem
226 2623 275 2708 ab
312 2618 447 2728 iisdem
487 2618 637 2732 prorsus
672 2621 926 2729 dissimilibus,
961 2626 1032 2711 ubi

91 2751 207 2838 rarius
237 2775 365 2834 errare
396 2748 525 2850 datur,
573 2746 637 2830 sed
667 2747 752 2859 ipsis
784 2777 879 2858 quos
914 2779 1032 2838 nove·

91 2895 154 2971 rot
190 2875 435 2986 aliquatenus
465 2870 689 2961 similibus?
742 2878 928 2975 Quonam
965 2905 1033 2964 au·

93 3018 180 3089 tent
215 3005 328 3109 pado
362 3000 632 3108 experimento
669 2995 744 3085 fine
776 3005 926 3086 ratione
965 3005 1033 3087 ali·

97 3144 297 3238 quantuor
326 3122 455 3211 valete
489 3116 674 3232 possunt?
712 3143 794 3225 aut,
820 3153 868 3209 an
895 3126 1037 3215 fimises

95 3248 165 3341 surr
183 3247 305 3349 casus,
344 3244 422 3338 stne
451 3248 636 3330 accuratis
669 3251 863 3334 rationum
896 3250 1038 3341 habitis

96 3373 310 3458 momentis
328 3367 506 3481 cognosci
525 3365 665 3478 possit?
703 3374 753 3454 Et
774 3370 866 3474 sane,
887 3372 1035 3486 siquod

96 3521 158 3580 res
175 3493 229 3574 est
255 3488 374 3579 fateri
399 3510 575 3604 oportet,
615 3493 712 3578 nihil
743 3490 890 3581 facilius
921 3526 1036 3612 expe·

97 3613 294 3704 timentrsi
314 3617 454 3702 notities
468 3618 639 3721 videtur,
664 3618 759 3702 nihil
777 3623 896 3708 rarius
916 3627 1035 3739 quim

98 3741 375 3856 experimentis
405 3748 525 3855 potiri
575 3771 663 3854 quae
695 3743 890 3833 curiosori
910 3751 1038 3833 menti

520 3868 606 3972 T4
934 3866 1041 3973 satis!
