2498 4358
71 232 173 357 312
369 214 452 322 Dr
483 206 734 327 Medicina
769 213 975 326 Menti-s.

202 398 367 486 Proiode
403 399 596 512 quicquid
634 395 711 481 hoc
750 398 960 509 imperium
1001 397 1153 485 ratione

203 520 382 609 solutum
401 541 534 632 auget,
560 548 639 606 non
653 517 740 603 sane
754 519 1032 620 dubitandum,
1052 525 1152 632 quin

203 642 366 755 idipsum
403 645 519 729 robur
556 644 722 751 corpori,
760 639 933 756 vircsque
974 644 1160 728 locomo·

204 771 292 856 ttici
314 768 512 869 facultati,
538 765 623 853 imo
641 775 682 853 δι
703 763 864 850 sensibus
884 769 1052 852 externis
1084 768 1156 851 ad-

206 893 288 991 dat,
315 889 596 1003 homin‘emque
613 888 662 972 ad
680 888 792 973 bruta
820 891 1031 973 animantia
1059 919 1158 1002 pto-

204 1013 291 1126 pius
330 1014 530 1114 deducat;
588 1030 769 1098 mentem
811 1013 906 1096 vero
956 1031 1157 1125 quatenus

200 1141 361 1221 rationis
394 1141 583 1249 particeps
629 1139 683 1220 est
729 1155 891 1221 eatenus
934 1136 1059 1240 laedit,
1101 1167 1148 1220 ac

198 1263 239 1344 io
271 1289 419 1346 errores
455 1262 735 1370 procliviorem
774 1261 895 1379 atque
928 1282 1154 1350 contuma-

199 1387 349 1470 ciorem
374 1386 520 1488 reddit,
544 1386 625 1470 imo
656 1389 715 1468 ita·
739 1385 920 1498 propofiti
951 1407 1159 1494 tenacem,-

193 1527 249 1627 ¹ut
267 1511 315 1593 ab
334 1509 477 1597 eodem
498 1507 604 1595 nulli
624 1513 772 1598 ratione
791 1508 932 1596 abduci
952 1530 1092 1624 queat.

257 1773 303 1859 In
341 1772 483 1856 vitium
534 1767 694 1882 proinde
740 1769 857 1854 currit
901 1772 1154 1882 imperatrix3

203 1894 526 2008 [quandocunque
553 1889 634 1977 sese
652 1897 858 2006 permittat
876 1885 1155 2008 imaginationi

204 2015 308 2101 male
340 2012 435 2100 sanae
474 2012 716 2106 affediibdsve
758 2018 878 2100 animi
915 2017 1148 2128 rapiendam

202 2142 405 2234 momnia
431 2140 509 2225 alia
543 2139 592 2223 ab
611 2141 669 2246 ijs,
696 2165 784 2257 quae
804 2139 999 2248 judicandi
1019 2168 1067 2226 ac
1086 2170 1150 2228 re-

201 2263 692 2391 cognoscendiffacultates
707 2264 930 2353 declarant.
986 2269 1148 2380 Duplici

201 2393 309 2473 enim
333 2376 679 2500 nomine'peccat3
721 2390 784 2473 vel
817 2391 868 2475 eo
905 2392 1019 2504 quod
1053 2420 1149 2484 nun·

200 2538 323 2625 quam
345 2512 393 2594 ab
414 2510 503 2614 hoc,
531 2511 639 2625 quod
660 2511 808 2596 temere}
837 2522 876 2600 δι
896 2514 973 2600 fine
991 2517 1144 2601 rationo

198 2632 305 2742 ¹nult,
351 2637 540 2720 dimoveri
580 2655 715 2750 queat,
761 2637 825 2720 vel
862 2636 886 2723 ὃ
933 2646 1146 2746 contrario,

202 2757 315 2872 quod
346 2760 395 2841 ab
429 2758 581 2869 optima}
615 2759 794 2844 institutis
834 2758 950 2852 facilc*
985 2760 1149 2849 seduca-

199 2898 278 2965 tur.
332 2883 440 2962 Prior
473 2879 660 2991 fiquidem
690 2907 737 2965 ea
764 2879 970 2973 obfirmata
999 2885 1141 2974 volun·

199 3005 296 3090 tatis
323 3005 532 3116 pertinacia
571 3001 699 3121 sapius
736 3007 855 3089 animi
894 3006 1054 3096 cuidam
1087 3009 1143 3093 af·

160 3206 164 3219 .
199 3127 317 3215 tenui
347 3123 528 3226 debetur,
553 3152 597 3208 ac
617 3128 780 3239 proinde
813 3129 938 3213 donec
970 3136 1050 3236 ejus
1076 3159 1146 3214 ve-

199 3249 396 3336 hementia
423 3247 623 3349 resederit,
658 3276 770 3334 ruens
794 3254 832 3333 in
850 3253 1011 3338 alterius
1036 3256 1146 3367 quafi

199 3375 433 3480 potestatem
463 3371 632 3474 redacta,
660 3371 792 3464 eidem
825 3378 989 3461 omnino
1021 3399 1144 3490 paret.

199 3497 388 3587 Posterior
428 3503 520 3584 vero
553 3495 760 3582 tractabilis
798 3496 878 3581 haec
915 3501 1142 3588 voluntatis

193 3616 386 3734 mollities
416 3624 472 3723 in
493 3618 657 3715 alteram
687 3621 847 3716 inclinat
871 3641 1029 3748 partem
1061 3653 1140 3710 non

1012 3746 1139 3841 mutis
