2490 4290
89 152 193 289 390

400 128 480 263 Dc
507 124 767 269 Medicina¹
782 129 974 261 Menti&

224 305 370 421 pellere
389 306 413 391 ai
439 306 476 391 se
493 313 619 413 povit.
671 308 743 413 Illa
762 308 925 423 quidem
946 313 1082 417 inertia¹
1098 311 1156 411 dio

225 430 351 543 priore
381 432 469 535 casp
496 433 803 557 haudfabsrnrilis
824 435 881 517 isti
902 439 1075 549 corporis
1101 437 1157 517 vi-

224 555 283 637 tio
302 556 470 662 videtur,
497 556 608 669 quod
627 578 772 642 naturae
800 556 971 665 minime.
991 557 1162 665 exculte

227 676 359 762 deberi
391 680 601 784 consuevit,
643 680 741 765 dum
776 680 1048 793 incompositos
1061 672 1164 769 'arte

166 898 172 906 ,
228 806 270 905 ἃς
291 800 446 891 confitio
469 826 639 891 carentes
651 804 720 903 dat
738 825 893 907 mptus5
919 811 961 895 δι
979 808 1019 905 in
1039 805 1164 915 poste-

226 925 325 1027 riore
358 925 443 1012 casu
464 957 541 1013 non
562 926 735 1029 multirm
754 924 787 1039 ai·
806 924 966 1043 segnitie
991 922 1160 1023 abludit,

164 1140 169 1149 ,
226 1052 355 1165 qualis
381 1054 608 1165 corporibus
638 1050 801 1151 subinde
830 1050 1021 1145 morbidis
1054 1048 1161 1159 agili·

225 1198 352 1261 tatem
371 1177 562 1290 prohibet,
589 1185 628 1264 &
656 1207 707 1263 ex
738 1176 819 1290 quai
853 1177 988 1292 ‚quoad
1023 1176 1159 1257 celeri·

226 1321 356 1387 tatem
388 1307 555 1414 graviter
587 1329 634 1387 ac
664 1299 798 1413 inepte*
828 1299 906 1411 ipsa
937 1295 973 1382 se
1003 1296 1164 1395 habent,

227 1451 348 1540 atque
394 1428 441 1531 ad
480 1429 632 1541 labopes
669 1426 918 1537 perferendos
966 1422 1161 1536 onerique

226 1548 437 1639 sustinenda
458 1548 607 1662 prorsus
624 1549 802 1637 inhabilia
822 1568 1044 1635 cernuntur·
1069 1552 1161 1631 Haec

225 1678 321 1763 veri)
354 1683 499 1759 mentis
528 1677 679 1775 inertia,
714 1704 802 1790 quae
833 1671 1074 1759 occasionem
1096 1697 1162 1783 pa·

229 1825 314 1882 rere
352 1801 514 1881 omnino
550 1794 681 1900 nescit,
724 1795 932 1883 sterilitatis
968 1820 1162 1906 corporee

229 1922 368 2002 vitium
389 1917 521 2029 potiris
534 1918 666 2003 refert.

287 2176 345 2275 Ex
379 2169 445 2269 illai
471 2172 587 2289 deine
606 2168 748 2259 inertii
778 2171 922 2285 duplex
951 2167 1164 2255 affectuum

231 2324 378 2408 genus3
404 2325 452 2395 ex
471 2294 543 2385 haic
563 2288 637 2377 non
657 2293 723 2379 nist
740 2327 865 2382 unum
890 2294 1065 2395 nascitur.
1107 2299 1163 2377 Ex

226 2421 295 2507 illa
314 2426 460 2535 quippe
493 2425 599 2534 prius
638 2417 848 2508 affectuum
879 2453 1002 2537 genus
1039 2423 1078 2503 in
1112 2447 1164 2503 eo

232 2546 408 2652 constitit,
434 2547 546 2663 quod
581 2574 690 2630 mens
719 2549 816 2633 laeva
836 2549 896 2654 fit,
930 2571 1051 2661 atque
1075 2573 1162 2627 orn-

229 2676 290 2758 nia
328 2686 443 2780 prave
481 2692 570 2782 agat
608 2678 647 2755 &
679 2674 966 2783 interpretetur.
1032 2669 1164 2796 Quale

230 2796 393 2911 quidem
424 2797 635 2900 junioribus
665 2798 791 2904 magis
820 2794 983 2893 accidit;
1012 2820 1058 2877 ac
1079 2822 1164 2904 pro

229 2917 334 3020 inde,
360 2935 572 3029 antequam
605 2916 870 3020 confirmetur,
908 2916 998 3021 tolli
1029 2917 1164 3024 potest.

206 3044 310 3127 ¹Cui
346 3037 429 3139 {ane
461 3040 643 3124 educatio
683 3040 904 3125 remedium
938 3066 1167 3122 accommo-

231 3167 327 3250 dum
343 3163 419 3265 est3
449 3161 653 3275 praesertim
675 3163 700 3248 fi
718 3162 908 3249 sodalium
926 3183 1048 3275 atque
1067 3166 1167 3257 antif

233 3318 368 3381 corum
418 3290 626 3373 dexteritas
671 3293 710 3372 in
759 3289 945 3372 auxilium
992 3310 1169 3373 vocetur.

232 3417 338 3497 Uius
372 3414 459 3496 dein
495 3442 624 3496 rerum
659 3412 909 3513 adhibendus,
936 3419 975 3496 &
1002 3410 1166 3521 quidem

229 3536 469 3643 experientia
499 3536 636 3641 crebrae
661 3534 807 3620 scotici
837 3535 903 3645 (ut
927 3538 983 3617 ita
1014 3534 1164 3640 dicam)

229 3654 325 3769 saepe
345 3656 396 3743 ad
416 3659 678 3769 amovendum
709 3687 810 3773 opos
827 3659 904 3771 est5
946 3684 1019 3742 nec
1054 3654 1168 3768 quid-

1044 3807 1171 3895 quam
