2490 4290
101 150 210 280 140‘
410 128 492 240 De
510 122 769 242 Medicina
795 122 988 237 Manna

291 314 442 400 Totam
463 310 662 413 hancrem
689 309 838 421 plenius
857 310 1167 403 obseruationem

236 432 460 548 praemissam
490 437 746 524 illustrantem
777 434 853 523 huc
885 433 1090 527 transferre
1110 447 1172 528 vi·

236 557 321 644 sum
343 561 409 661 est,
434 558 564 674 eoque
592 564 715 671 magis
743 563 929 674 quoniam
958 569 1045 647 tam'
1060 565 1171 663 belle

238 707 435 772 narratur:
471 689 593 790 Quod
614 685 698 772 sane
717 707 897 773 autorem
917 717 996 774 non
1014 686 1170 778 nelclffe

241 814 389 907 constat
406 841 452 899 ex
471 810 649 925 presagio
667 811 717 896 ad
737 811 882 899 calcem
912 810 1023 927 hujus
1055 811 1173 903 fabo*

239 938 300 1037 lae,
326 964 436 1019 more
455 941 658 1055 Poitarum
689 940 759 1050 qui
779 938 946 1027 carmina
974 937 1173 1051 elegantia

239 1058 464 1160 ediderunt,
482 1056 640 1159 addit03
668 1059 816 1144 chartas
835 1058 942 1145 hasce
962 1063 1002 1142 in
1021 1059 1172 1144 honore

238 1179 390 1268 futuras
417 1183 512 1269 dum
543 1187 694 1286 Latinis
724 1189 896 1296 pretium
928 1184 1067 1297 literis·
1086 1188 1172 1271 mi·

239 1305 362 1394 nebit.

71 1660 78 1673 ,
144 1657 152 1670 ,
300 1561 404 1646 Inter
423 1585 541 1671 opera
570 1555 802 1672 imaginandi
833 1547 1031 1645 facultatis
1058 1557 1174 1647 utilia

83 1740 92 1794 ἱ
128 1677 157 1795 s,
188 1682 200 1694 '
246 1688 421 1810 eminent
440 1683 551 1792 signa,
576 1677 752 1798 qualium
773 1709 849 1794 ope
862 1709 973 1766 mens
994 1677 1097 1771 sensa
1111 1680 1174 1767 lua

127 1800 129 1806 ⁴
247 1835 338 1891 cum
357 1807 436 1909 alijs
460 1808 747 1905 communicat3
774 1832 861 1917 quae
889 1804 1053 1916 quidem
1084 1804 1176 1888 imi·

244 1950 373 2042 tantur
393 1925 487 2039 ipsas
501 1949 645 2018 naturae
663 1957 782 2012 voces
793 1971 805 2029 3
832 1927 1180 2041 quemadmodum

243 2052 429 2138 vocabula
459 2049 670 2139 artificialia
697 2051 895 2162 finguntur
920 2042 1180 2154 animantium·

246 2175 499 2288 peculiaribus
515 2174 636 2256 fimile
657 2175 845 2287 quiddam
865 2174 1035 2260 sonantia
1050 2174 1177 2291 {qua-

247 2305 298 2388 lia
326 2302 416 2384 ideo
446 2327 582 2385 omnes
599 2294 683 2384 fere
714 2304 875 2411 Linguae
909 2302 1177 2415 compleiiun·

249 2449 328 2527 tur,
353 2446 400 2513 ut
432 2424 574 2527 balare,
600 2427 796 2532 grunnire,
822 2434 862 2511 &
897 2423 1048 2538 reliqua
1082 2426 1180 2533 cius·

248 2553 379 2638 modi'
417 2557 473 2654 Ex
492 2552 631 2635 eodem
648 2555 768 2634 etiam
789 2549 897 2637 fonte
916 2557 1054 2654 oritur,
1065 2553 1177 2669 quod

132 2740 137 2751 .
247 2682 418 2761 carmina
437 2676 484 2758 ad
503 2672 792 2758 fimilitudinem
819 2703 947 2760 rerum
974 2673 1181 2788 descripta-

250 2829 337 2883 rum
359 2799 603 2896 conduntur3
622 2798 739 2913 quale
757 2797 994 2887 notiffimum
1009 2802 1064 2882 est
1077 2797 1179 2885 illud

250 2923 438 3024 Maronis,

248 3107 557 3225 Quadruprdante
577 3128 718 3224 putrent
742 3105 864 3223 sonitu
886 3108 1008 3221 quatit
1043 3105 1179 3220 ungula

362 3255 521 3351 corruptam
538 3281 549 3341 5

251 3437 298 3518 ad
318 3467 488 3546 quorum
510 3436 717 3530 modulum
738 3432 865 3547 passim
895 3433 999 3550 apud
1033 3427 1184 3518 elarilli·

251 3589 338 3640 mos
376 3565 512 3642 Poetas
550 3558 676 3643 versus
712 3561 903 3643 invenias.
958 3562 1046 3642 Nec
1086 3557 1184 3639 alius

252 3679 339 3766 sane
362 3682 414 3763 est
441 3702 548 3773 totus
581 3682 648 3769 ille
676 3681 877 3791 Analogia
905 3681 1186 3768 Grammaticae

1064 3801 1190 3902 labor,
