2498 4358
267 203 348 314 ue
369 203 620 321 Medicina
644 206 852 319 mnus.
1057 234 1158 355 107

83 396 151 485 fibi
183 419 289 479 wcure
324 389 424 478 sunt.
478 393 541 479 Ac
572 396 808 509 procedente
839 413 1021 510 tempore

83 549 224 607 eorum
243 516 323 603 ferd
341 516 446 602 senes
465 527 744 626 meminerunt,
764 549 853 637 quae
873 522 938 632 ipsi
958 551 1023 611 cu·

84 665 196 744 ront3
241 640 457 756 caeterdque
490 648 557 730 vix
594 668 664 732 aut
683 647 826 731 leviter
846 666 1025 733 mentem

82 793 255 878 tangere,
282 786 352 852 aut
383 769 538 878 vestigia
570 796 648 856 non
679 768 760 884 alte
785 768 915 856 eidem
950 776 1024 859 im·

81 901 254 1010 primere
273 889 519 981 consuerunt.

137 1131 241 1217 Hinc
272 1130 392 1243 igitur
425 1128 571 1212 consta-t
602 1129 805 1215 attendere
839 1127 942 1244 pride
975 1154 1019 1216 ao
1032 1136 1188 1209 decuriae·

83 1247 237 1343 ¹fortiter
254 1249 543 1363 apprehendere
560 1280 655 1338 eum
675 1273 873 1366 oportere,
896 1248 1017 1366 quim
1024 1223 1188 1384 mn,

83 1377 288 1461 memorie
307 1380 579 1480 committere3
602 1377 728 1492 fineis,
744 1398 792 1464 ut
805 1376 925 1464 fidem
939 1376 1187 1482 haecwzdaodm

83 1499 294 1612 prestituto
314 1501 373 1605 fr,
391 1521 520 1614 optet.
573 1502 751 1620 Idedque
772 1505 842 1617 qui
862 1529 1018 1597 memo·
1028 1465 1116 1527 Μ’·

82 1631 183 1733 riam
216 1627 334 1712 fidam
363 1626 446 1711 fore
478 1623 612 1736 sperat,
641 1629 792 1714 curabit
831 1646 944 1711 antea
969 1643 1018 1710 ut
1162 1633 1165 1653 “

83 1780 171 1838 rem
193 1748 346 1863 prorsus
365 1751 574 1862 intelligat,
593 1750 717 1865 quim
737 1749 1020 1838 custodieme-

82 1877 236 1963 moriali
296 1877 446 1960 tradere
497 1878 708 1976 annitetur,
779 1885 1060 1990 Frequenter·
1136 1929 1137 1932 κ

84 2003 235 2115 quippe
253 2003 396 2103 euenit,
423 2015 471 2085 ut
499 1997 626 2112 quise
657 2004 713 2087 rei
740 1999 903 2106 cujusvis
917 2000 1020 2084 obli·

83 2143 148 2208 tos
167 2141 400 2238 queruntur,
418 2148 619 2235 nunquam
639 2125 735 2210 hanc
763 2123 849 2208 satis
869 2122 1025 2225 calluis-⁴

82 2248 123 2333 se
142 2242 492 2359 deprehendantur.
546 2249 670 2350 Etnil
688 2248 780 2331 dein
801 2249 889 2331 miri
907 2246 934 2331 fi
952 2274 1019 2331 ea·

83 2372 178 2455 dem
199 2367 397 2481 nperficie
414 2387 529 2454 tenus
548 2368 740 2484 impera,
759 2368 932 2457 nec‘sane*
952 2370 1021 2456 ed·

84 2497 251 2582 modurn
273 2496 485 2598 intelleoa,
509 2525 558 2582 ex
582 2494 754 2583 custodid
776 2499 919 2608 pariter
950 2529 1019 2583 ne-

84 2622 252 2733 gligenti
307 2622 517 2706 dilabatur.
582 2625 793 2710 Enimvero
831 2622 1018 2730 plenioris

71 2776 215 2838 ,rerum
253 2751 517 2862 perceptionis
564 2775 681 2862 opera
709 2746 798 2832 talis
835 2745 1004 2845 videtur,

82 2874 213 2985 qualis
234 2901 299 2957 eae
317 2875 527 2962 ordinatim
554 2898 599 2958 ac
618 2871 771 2986 proprie
806 2868 1016 2956 secunddm

84 2994 229 3100 classes,
256 3000 320 3086 vel
340 2981 481 3114 genera
501 2996 550 3080 ad
578 3026 669 3112 quae
695 2996 927 3097 referuntur,
945 2994 1017 3080 dis-

83 3147 220 3238 ponor.
274 3129 370 3222 Quo
398 3119 564 3235 quidem
592 3128 705 3227 padio
723 3123 787 3205 vix
814 3124 1017 3204 memorie

81 3255 192 3336 oneri
212 3248 313 3349 funt,
341 3274 416 3358 prae
434 3245 513 3328 iilis
530 3271 619 3355 que
647 3243 864 3354 singulatim
891 3253 932 3330 δι
960 3242 1017 3327 se-

81 3375 213 3463 orsum
233 3374 283 3459 ob
313 3374 394 3478 alijo
421 3373 507 3455 loca
544 3368 612 3453 sibi
640 3369 860 3474 vendicant,
886 3396 1017 3484 neque

80 3529 263 3588 connexe
301 3500 459 3597 haerent,
490 3513 560 3579 aut
593 3495 839 3607 aliquatenus
876 3493 924 3578 ad
955 3523 1021 3580 eas

81 3631 293 3739 pertinent,
320 3626 360 3707 in
378 3637 575 3732 quantum
588 3615 725 3700 saltem
749 3620 912 3727 cognitae
933 3618 1020 3705 fue·

80 3770 187 3842 runt.
243 3748 327 3835 Pari
348 3744 437 3828 dein
457 3744 539 3850 jure
567 3738 593 3826 fi
614 3760 864 3840 momentum
882 3771 1017 3827 earum
1098 3831 1100 3837 ,

801 3909 804 3914 ,
943 3891 1019 3946 non
