2498 4358
97 234 199 391 308
385 249 466 354 De
500 248 754 361 Medicina
780 248 992 366 adeatis?

239 435 346 533 cujus
372 435 620 522 vehementia
648 441 864 549 mitigatur³
892 443 1056 548 morbus
1075 445 1173 528 inte·

238 561 313 640 tim
332 557 592 668 aggravescat.

60 839 174 936 part&
294 826 494 922 Quoniam
522 842 657 908 autem
685 821 788 905 irrita
818 823 1051 934 frequenter
1075 829 1182 937 opti-

61 936 197 1074 ,τῇ
236 973 308 1029 ma
340 947 555 1031 redduntur
589 945 753 1049 confisis,
783 947 871 1031 ideo
904 947 980 1032 haec
1011 949 1181 1053 solertia,

61 1105 136 1147 rm.
241 1097 331 1180 qua
355 1070 452 1153 dum
487 1074 656 1174 juniores
678 1066 778 1172 sunt,
820 1074 930 1155 novis
955 1073 1082 1158 adhuc
1114 1101 1180 1156 ea-

243 1192 458 1306 cogitandis
495 1191 808 1304 exequendisque
848 1195 1054 1308 probatur,
1101 1223 1179 1279 non

245 1318 323 1406 fine
350 1317 527 1402 cautione
555 1316 736 1428 provedai
766 1321 843 1422 jam
872 1339 983 1402 atate
1015 1324 1054 1402 in
1082 1347 1180 1431 ope·

245 1442 351 1528 ribus
379 1441 576 1524 versatur:
615 1439 742 1552 ldque
768 1443 859 1553 quia
891 1441 1011 1524 hacce
1039 1443 1181 1524 didicit

247 1563 499 1665 honorarius,
523 1564 627 1645 mala
662 1569 756 1649 vero
788 1560 923 1673 saepius
954 1571 1180 1677 expectare5

248 1722 294 1777 ac
322 1691 412 1772 dein
441 1683 590 1796 prorsus
620 1713 722 1770 nova
756 1689 819 1768 vix
853 1706 1008 1773 tentare
1044 1687 1180 1788 audet,

248 1837 293 1903 at
330 1812 550 1898 notioribus
589 1809 737 1922 sibique
769 1814 930 1896 omnino
975 1809 1179 1924 perspectis

244 1957 433 2020 contenta
453 1954 602 2016 manet.
657 1935 718 2017 Ac
737 1935 901 2044 proinde
935 1936 1090 2019 solertia
1122 1941 1179 2021 io

243 2085 304 2152 tra
326 2066 422 2151 fines
453 2066 657 2146 coercetur
685 2064 929 2172 angustiores,
953 2082 1073 2175 prout
1093 2090 1177 2145 ma-

243 2200 302 2310 gis
322 2187 515 2304 magisque
546 2188 670 2271 indies
703 2193 925 2275 cautionem
952 2191 1078 2276 fidum
1112 2189 1177 2273 fibi

241 2324 433 2402 comitem
455 2313 609 2396 asciscit.
662 2315 822 2424 Quippe
857 2322 940 2424 qud
977 2316 1176 2398 maturiori

242 2440 435 2556 quispiam
468 2435 622 2521 solertia
656 2434 816 2518 dotatus
844 2431 979 2540 fuerit,
1016 2438 1068 2521 eo
1097 2437 1175 2550 ple·

243 2566 326 2653 nius
360 2559 574 2673 clarisrsque
604 2580 706 2642 artes
736 2558 898 2644 fallendi
931 2562 1175 2676 consulique,

240 2693 382 2805 quibus
421 2689 502 2771 doli
538 2687 702 2770 artifices
733 2685 900 2770 illudere
934 2686 1038 2770 soliti
1079 2690 1174 2775 sunt,

229 2817 354 2896 novit
371 2854 382 2910 5
427 2809 480 2890 eo
518 2807 664 2890 scilicet
699 2805 942 2921 frequentius
984 2817 1171 2898 incertam

239 2937 416 3024 omnium
457 2932 704 3016 confiliorum
744 2937 1010 3020 conditionem
1043 2967 1174 3050 exper-

232 3085 306 3149 tus
324 3057 416 3144 suit.
470 3063 602 3159 Quare
622 3056 780 3141 solertes
811 3064 887 3166 jam
916 3061 1079 3147 seniores
1099 3066 1175 3144 mi·

239 3190 388 3273 nimum
408 3185 555 3294 negotii
584 3179 752 3268 fortunae
772 3186 927 3293 posthac
948 3186 1174 3297 tranfigendi

229 3311 382 3393 ¹volunt
412 3309 666 3416 permittere:
714 3308 776 3397 Ac
804 3329 1008 3419 propterea
1043 3312 1085 3396 id
1117 3314 1174 3398 ul·

229 3434 384 3514 timum
417 3434 454 3512 in
490 3434 594 3513 votis
632 3429 788 3531 habent,
827 3451 876 3516 ut
914 3432 991 3518 sese
1034 3436 1174 3550 srblque

230 3575 349 3665 >parta
366 3573 570 3652 tueantur3
600 3562 638 3637 &
666 3551 796 3639 secum
816 3558 1009 3665 inprimis
1042 3561 1175 3648 sedulo

106 3774 112 3784 1
238 3677 495 3791 perpendunt,
519 3677 601 3790 qui
619 3681 766 3762 ratione
785 3677 904 3765 securi
934 3683 1072 3788 ijsdem
1098 3686 1175 3773 sru-

229 3803 330 3885 endi
349 3799 539 3896 evadant;
567 3800 716 3889 &dein
742 3804 848 3919 fiqua
881 3805 949 3891 fibi
981 3837 1086 3898 nova
1106 3837 1175 3920 op·

278 3971 281 3977 ·
707 3960 709 3968 ·
1081 3949 1176 4032 tant,
