2498 4358
266 232 349 341 Dc
385 228 641 342 Medicina
666 231 878 348 Mentis:
1074 267 1167 385 141

83 416 209 524 labor,
233 426 305 534 qui
324 419 532 509 subsidium
550 423 790 513 utiliifimum
824 429 1029 516 memoriae

81 539 221 632 afferre
257 545 369 658 sopri
400 548 530 635 ditius
553 548 643 635 fuit.
696 548 791 636 inde
819 554 1030 640 devenien-

80 667 189 755 dum
219 669 272 755 ad
300 667 439 756 ornate*
467 671 619 757 dicendi
646 674 802 776 modos,
827 680 896 788 qui
922 672 1025 788 apud
1133 689 1137 699 ’

81 789 283 878 Rhetores
300 793 533 880 traduntur:
576 797 662 883 Ubi
681 795 772 885 inne
803 824 919 886 voces
948 819 1026 884 tra-

83 911 229 1002 letitiae
248 943 298 1002 ex
322 916 575 1004 similitudine
606 917 875 1027 desumuntur,
903 943 1025 1038 atque

82 1037 239 1127 eedem
267 1066 551 1154 nonnunquam
579 1063 766 1130 catenatae
797 1051 836 1130 in
874 1047 1025 1159 allego·

83 1168 161 1250 ries
201 1163 463 1251 deducuntur.
516 1173 585 1250 Hae
629 1171 786 1254 interim
822 1165 1023 1283 permeant

81 1287 220 1372 omnia
237 1287 305 1372 ille
322 1286 546 1400 scriptorum
566 1316 719 1401 genera,
747 1322 921 1407 quotum
951 1323 1021 1380 au·

81 1433 193 1500 totns
210 1417 421 1499 veritatem
440 1414 637 1499 sinceram.
653 1443 697 1500 ac
724 1419 872 1504 nudem
904 1448 1025 1532 expo-

81 1565 178 1622 nere
198 1557 396 1640 vettntur,
422 1537 473 1623 eo
488 1537 616 1650 quod,
633 1538 806 1654 fiapetti
820 1543 1022 1654 prodatur,

83 1664 249 1777 ingrato,
276 1662 342 1748 vel
372 1682 531 1774 propter
568 1663 706 1747 rudem
735 1664 1020 1778 simplicitatem

83 1786 284 1901 neglectui
318 1806 387 1872 aut
419 1790 643 1872 contemtui
673 1787 808 1875 futura
844 1789 917 1891 iit3
950 1791 1020 1873 aut

81 1933 249 2029 propter
276 1911 523 2023 asperitatem
550 1912 685 1999 odium
713 1911 886 2028 irimque
910 1940 1022 1999 enar·

80 2042 186 2125 tanti
227 2039 492 2122 conciliatura.
545 2037 711 2143 Huiusce
748 2042 898 2150 genens
935 2035 1022 2123 sunt

82 2160 245 2264 fabule,
264 2186 433 2272 qnorum
450 2180 679 2270 argumenta
699 2159 955 2247 desumuntur
973 2192 1024 2248 ex

82 2286 233 2372 aiiotn'e·
250 2285 299 2370 ab
326 2282 549 2368 hominibus
566 2285 723 2387 naturis,
749 2284 881 2370 utnim
900 2315 946 2370 ex
963 2288 1022 2370 fe·

82 2407 169 2498 tini
206 2408 272 2493 vel
309 2404 467 2492 arborei
515 2406 686 2519 idipsum
718 2427 855 2496 ortum
892 2411 1024 2496 ducat.

84 2536 237 2649 Neque
255 2531 304 2618 ob
327 2531 427 2619 hisce
460 2535 638 2618 multum
668 2531 860 2619 abludunt
887 2538 1023 2644 imagi-

83 2687 158 2743 nes
176 2658 382 2745 hominum
412 2661 458 2744 in'
479 2658 637 2764 historiis
671 2656 883 2768 descriptae,
910 2678 1023 2740 cete·

82 2781 210 2896 eique
247 2781 437 2890 eiusmodi
474 2810 606 2894 opera,
646 2780 758 2867 unde
787 2778 1021 2891 imaginandi

85 2911 302 2998 dexteiitos
314 2907 447 2995 fimiiia
466 2906 642 3021 effingete
659 2909 800 2994 valeat.

147 3164 299 3246 Verum
317 3158 482 3273 quidem
504 3161 561 3245 est
587 3187 704 3269 opero
734 3157 1024 3268 imaginationis
1040 3173 1183 3254 toreuma

85 3284 385 3398 praestantiffum
402 3282 574 3398 speciem
599 3285 760 3370 eandem
786 3283 874 3405 fere·
899 3309 944 3365 ac
961 3308 1025 3367 res
1039 3257 1167 3318 ‘mm

84 3411 191 3526 ipsas
210 3413 365 3516 refene,
391 3411 563 3527 ideoque
590 3440 667 3496 non
696 3407 782 3495 rato
815 3411 853 3492 in
889 3435 1024 3495 earum

89 3537 230 3622 locum
250 3534 402 3624 suffeua
419 3536 504 3621 ess'e.
527 3575 531 3585 ·
561 3537 682 3634 Quod
703 3533 823 3636 certi,
850 3536 1027 3647 quando·

88 3689 253 3776 cunque
274 3661 429 3762 accidit,
455 3688 626 3744 errorem
649 3659 810 3771 proinde
829 3660 1027 3743 facultatis

89 3787 230 3900 judiois
259 3789 420 3893 evincit,
446 3813 523 3872 non
556 3804 692 3870 autern
722 3786 1027 3896 imaginationis;

876 3931 1030 4018 quinne
