2498 4358
266 216 347 324 De
374 214 621 331 Medicina
650 220 843 333 Mentis.
1068 249 1161 365 101

92 410 200 492 licet.
257 406 409 493 Contra
429 431 566 495 autem
586 410 611 493 fi
631 407 812 491 tarditate
835 430 934 501 nunc
949 431 1033 509 ma-¹

88 535 147 641 gis
169 525 291 640 quain
319 554 435 616 antea
455 532 698 643 percipiendi
726 529 889 613 facultas
918 528 1026 609 labo-

87 675 159 751 ret,
189 654 352 740 morbus
380 654 467 740 sane
496 663 527 741 is
546 659 614 758 est,
641 658 711 767 qui
733 655 821 736 dein
844 651 1025 754 remediis

87 772 290 861 arcendus.

96 1100 102 1107 .
142 1026 290 1134 Neque
309 1021 428 1106 ‘certe
460 1022 698 1134 percipiendi
727 1021 903 1104 celeritas
926 1021 1022 1103 vitio
1042 1026 1173 1126 efestias

87 1146 240 1258 semper
268 1164 387 1246 caret,
412 1146 547 1228 verum
579 1145 672 1257 saepe
705 1144 857 1229 malum
888 1175 936 1228 ex
965 1145 1023 1224 ni·
1041 1130 1136 1170 '’mn‘'
1201 1131 1208 1144 ’

89 1270 171 1364 mid
188 1267 432 1352 festinatione
452 1269 630 1353 oboritur
648 1309 659 1368 3
678 1273 798 1379 qualis
816 1265 1025 1373 junioribus

88 1393 318 1507 frequenter
352 1395 525 1477 accidit:
554 1402 608 1480 Ea
629 1397 786 1478 interim
815 1394 938 1477 fraenis
959 1421 1024 1476 co·

86 1517 253 1604 hibenda
271 1559 282 1617 3
302 1519 521 1631 studiisque,
549 1521 614 1605 ubi
631 1547 835 1633 properare
855 1548 932 1600 non
951 1519 1022 1599 de-

86 1662 167 1744 tur,
194 1641 465 1752 impedienda3
494 1643 578 1755 quo
611 1645 765 1726 lentiori
794 1649 834 1724 &
860 1641 1022 1726 firmiori

88 1766 192 1875 pede
223 1770 262 1848 in
295 1772 537 1876 argumentis
567 1767 714 1853 diutius
741 1764 1023 1878 perpendendis
1064 1837 1068 1845 .

85 1888 209 2004 iisque
245 1893 516 1977 incumbendis
546 1921 698 1976 moram
719 1892 914 1975 trahentes
936 1920 1037 2001 pros

87 2015 325 2126 grediantur.
394 2022 552 2128 Nempe
589 2045 635 2102 ex
670 2016 868 2100 celeritate
905 2002 1026 2098 isthic

85 2137 327 2251 praeproperi
356 2138 616 2251 saepenumero
648 2146 770 2224 oritur
798 2139 956 2225 habitus
977 2139 1023 2221 il-

84 2261 126 2344 le
161 2291 210 2346 ex
245 2292 375 2351 rerum
405 2262 605 2375 conspecid
625 2261 724 2348 facie
743 2292 802 2366 ea,
830 2291 913 2375 quae
935 2263 1022 2349 sub·

86 2404 149 2471 ter
172 2388 313 2491 latent,
341 2387 445 2502 quafi
471 2409 605 2500 aperta
624 2391 821 2500 opinandi.
879 2386 1021 2492 Cujus·

57 2531 60 2547 ¹
85 2512 198 2596 modi
232 2513 395 2626 quidem
431 2535 597 2615 mentes,
625 2515 690 2597 nist
718 2518 955 2598 institutione
980 2541 1022 2592 e-

82 2639 335 2742 mendentur,
362 2645 462 2724 viros
476 2643 703 2751 postea'non
722 2641 789 2724 nist
808 2667 1026 2753 puerorum.

84 2759 247 2848 dotibus
280 2785 440 2849 ornatos
474 2769 804 2864 commonstrant3
830 2769 898 2880 qui
928 2763 1019 2846 dein

82 2887 123 2966 in
144 2883 311 2976 seniores
326 2891 404 2975 levi
419 2888 482 2973 sud
496 2891 721 3002 garrulitate⁴
733 2911 890 2976 notatos
903 2884 1021 2975 trans-

81 3010 139 3090 ire
161 3008 409 3095 consudrunt.
463 3017 619 3097 Etenim
645 3016 804 3128 quando
826 3037 917 3099 aetas
934 3041 1020 3098 ma-

79 3136 161 3239 jora
191 3134 238 3229 ab
272 3140 316 3240 ijs
351 3137 544 3246 deposcat,
573 3139 638 3250 ipsa
665 3142 713 3222 ad
733 3141 948 3226 ludendum
973 3165 1029 3243 'act

82 3259 480 3347 circumvolitandum
508 3289 577 3371 per
606 3261 787 3347 sementis
813 3263 1019 3372 tempesta-

80 3401 171 3464 tem
203 3379 308 3466 soliti
340 3387 460 3468 virilis
479 3389 685 3497 participes
702 3386 830 3483 vmeffis
849 3386 931 3468 fieri
951 3413 1019 3466 ne-

80 3526 252 3617 queunt,
282 3537 326 3594 ac
361 3529 520 3621 propter
553 3511 719 3599 otiosam
748 3509 1019 3618 inanitatema

80 3631 280 3732 consortio
302 3632 509 3745 dignorum
534 3638 744 3744 pelluntur.
792 3645 942 3726 Horum
965 3635 1020 3745 sar-

520 3767 607 3868 H3
807 3849 808 3855 Ν
972 3758 1038 3860 ῃὲ
