2498 4358
101 277 173 398 72
284 281 288 288 “
412 256 492 362 Dc
522 255 777 368 Medicina
803 265 1004 376 Mentis.

244 443 444 554 vestigium
477 443 678 554 relinquit.
730 438 851 525 Unde
883 437 1059 550 quisquis
1092 474 1191 555 prae-

247 558 396 655 metuit
423 568 595 672 ejusdem
614 567 783 649 reditum
805 566 854 650 ad
884 563 1058 654 laborem
1080 573 1189 656 sum·

247 719 410 803 mopere
444 695 640 794 incitatur,
679 701 789 795 cujus
826 692 952 778 fruuu
970 692 1120 780 famem
1151 701 1189 780 in

249 821 446 929 posterum
494 821 612 900 etiam
651 815 839 923 depellat.
895 823 1056 902 Interim
1095 823 1190 904 acri·

249 963 312 1025 ter
331 970 376 1025 ac
403 939 654 1022 vehementer
677 957 816 1048 urgent
835 966 904 1022 eos
923 969 1105 1026 curarum
1126 946 1189 1026 sti-

249 1067 364 1166 muli,
400 1064 545 1176 quibus
577 1066 688 1147 instat
718 1093 849 1149 rerum
879 1063 1031 1156 summe
1060 1069 1109 1152 ad
1129 1072 1187 1154 vi,

249 1209 332 1272 tam
374 1184 676 1273 conservandam
708 1187 869 1273 utilium
889 1193 1048 1301 egestas.
1103 1195 1187 1288 Qui

250 1333 384 1396 autem
422 1332 510 1397 tam
540 1308 632 1394 saevi
669 1313 794 1395 utitur
829 1310 1017 1422 magistri,
1059 1315 1188 1422 qualis
1233 1362 1236 1372 ·

250 1438 305 1519 est
322 1437 404 1539 elus
436 1437 688 1547 experientia,
714 1437 784 1545 qui
831 1435 1010 1544 quotidie
1030 1436 1097 1517 vel
1134 1435 1190 1518 fa·

249 1587 316 1645 me
354 1558 449 1669 ipsi,
476 1577 547 1642 aut
578 1557 683 1641 istius
711 1583 805 1641 mox
842 1554 1023 1642 invasurae
1072 1579 1187 1643 metu
1232 1596 1235 1608 ¹

248 1707 475 1799 torquetur,
512 1686 766 1797 quantumvis
784 1682 934 1766 roboris
961 1710 1010 1766 ex
1041 1687 1195 1795 impro‘

250 1811 309 1894 bis
336 1810 532 1896 laboribus
573 1813 610 1890 ei
642 1808 814 1909 accedat,
842 1835 920 1891 non
954 1811 1087 1893 minus
1131 1829 1188 1893 ta

250 1964 344 2019 men
384 1934 598 2044 asperitatis
615 1961 747 2018 mores
766 1935 994 2020 contrahant
1010 1957 1185 2049 oportet.

250 2066 347 2157 Quo
365 2059 426 2160 lit,
451 2078 499 2143 ut
533 2056 750 2141 stomachus
778 2056 1004 2173 frequenter
1040 2067 1185 2168 jejunio

251 2176 445 2293 depressus
475 2199 654 2264 mentem
681 2184 745 2264 vix
774 2182 823 2265 ad
851 2186 924 2266 alia
942 2184 1067 2297 quim
1094 2186 1185 2272 cras-

250 2301 297 2387 sae
331 2309 516 2390 minervae
553 2329 672 2415 opera
707 2327 885 2408 exacuat,
929 2334 1060 2418 neque
1099 2335 1186 2395 ean·

183 2453 188 2463 ·
250 2431 344 2514 dem
376 2429 563 2515 altiorum
603 2454 782 2538 capacem
821 2430 987 2531 reddat;
1011 2433 1078 2516 nih
1112 2432 1186 2517 sor-

250 2552 292 2639 ti
332 2550 438 2640 secus
479 2551 516 2639 se
550 2549 691 2635 habeat
728 2555 770 2636 in
805 2553 913 2637 claris
951 2558 1185 2669 quibusdam

250 2676 453 2786 exemplis,
488 2676 556 2759 ubi
602 2680 660 2763 vis
696 2676 816 2778 inlita,
855 2706 977 2788 quatu
1013 2682 1183 2766 dodrina

251 2804 462 2913 promovit,
491 2801 644 2913 aliquos
671 2801 779 2913 supra
813 2802 1016 2914 hominum
1038 2803 1182 2891 sortem

253 2941 398 3005 evexit.

71 3211 228 3291 g„.‚„um
307 3166 543 3272 Cuiusmodi
573 3177 800 3284 exemplum
849 3176 991 3260 dedisse
1034 3185 1187 3289 Epine-

70 3291 228 3398 reptem&
250 3317 317 3381 tus
368 3298 436 3379 ille
481 3295 605 3378 servus
659 3300 906 3410 philosophus
948 3301 1187 3410 perhibetur,

72 3385 228 3444 ⁸³⁰¹⁶⁰mm⁰
253 3428 321 3534 qui
340 3423 509 3505 interdiu
527 3427 672 3504 vietum
690 3426 818 3507 labore
837 3429 1057 3534 qnaeritanS,
1094 3457 1184 3511 noc-

251 3550 374 3627 tornis
414 3546 747 3629 lucubrationibus
788 3550 959 3628 nobilem
979 3550 1044 3630 fibi
1077 3581 1185 3634 nten-

249 3686 333 3745 tenr
356 3671 592 3768 exercitavit,
614 3669 848 3779 acutimque
882 3673 1078 3763 redditam
1114 3672 1183 3755 ser·

137 3888 142 3896 s
246 3794 362 3888 uerit.
422 3799 685 3883 Veruntamen
721 3793 830 3905 ipsius
858 3793 1099 3904 philosophia
1125 3793 1191 3887 uti.
