2498 4358
284 253 364 365 De
400 258 651 375 Medicina
672 260 873 376 Mentis.
1092 278 1157 395 33

71 475 197 532 'naves
220 458 327 537 omni
342 476 464 539 vento
486 455 673 540 destiturae
694 450 731 536 se
749 477 797 536 ex
823 451 913 534 loco
932 474 1017 532 nro-

81 599 171 658 vere
197 602 276 660 non
303 578 467 689 pollunt.
521 579 732 664 Enimveri)
761 578 826 659 illa
854 576 1018 659 felicitas

82 702 150 800 est,
177 727 296 814 quam
314 708 502 814 Epicurus
528 704 592 815 (a)
614 707 698 808 Dijs
716 702 835 785 tribui
857 718 1018 782 conten-

85 823 167 923 dit3
194 829 273 909 haec
293 827 440 913 doloris
453 825 623 912 absentia
644 827 895 938 quantumvis
912 823 1019 933 quie-

85 963 161 1048 tos,
176 977 252 1034 non
267 969 404 1038 tamen
424 948 556 1036 felices
575 951 755 1036 homines
774 947 937 1033 reddere
947 970 1017 1056 po-

84 1074 219 1156 risess.
487 1076 490 1081 ’

138 1327 179 1408 Si
194 1324 352 1438 quando
372 1343 507 1412 autem
524 1323 767 1432 'voluptatem
788 1343 856 1433 pec
874 1335 1017 1433 organa
1038 1373 1167 1451 pompm

82 1445 259 1534 diffusam
280 1477 389 1532 mens
404 1453 603 1560 percipiat,
629 1451 773 1532 florem
793 1444 951 1532 sumnrae
965 1447 1018 1531 sa·
1035 1451 1190 1534 periculosa,

82 1575 219 1656 nitatis
251 1576 290 1657 in
335 1569 411 1683 ipso
453 1576 641 1682 temporis
675 1574 842 1657 articulo
872 1576 1018 1682 car·pit;

82 1696 258 1808 idedqne
269 1697 307 1776 in
321 1695 469 1778 lubrico
481 1694 651 1780 versatur
664 1694 827 1782 secunda
846 1689 1019 1813 ejusdem

84 1819 287 1904 valetudo.
341 1824 431 1903 Haec
464 1823 612 1931 quippe
643 1820 842 1931 voluptas,
872 1823 936 1904 cui
963 1825 1022 1903 ni*-

83 1948 158 2028 mis
177 1944 417 2056 indulgetur,
445 1942 625 2029 dolorem
647 1947 754 2032 certd
766 1951 933 2052 paritura
954 1952 1020 2033 eslr

83 2075 229 2183 Neque
246 2066 333 2153 sane
347 2068 505 2153 dulcem
522 2095 614 2153 eurn
630 2067 778 2153 sensum
791 2071 1021 2190 frequenter
1089 2095 1092 2100 ·

84 2191 163 2278 fert
183 2215 332 2293 natura,
360 2221 482 2305 quern
498 2192 663 2307 quidem
677 2201 795 2282 rarior
808 2201 896 2284 ulus
915 2228 1024 2283 com-

84 2319 272 2402 mendae:
302 2320 390 2400 Nec
425 2320 578 2422 itidem,
598 2319 720 2403 modd
759 2322 933 2412 intensus
967 2321 1023 2430 fit,

87 2443 248 2544 diutius,
273 2442 370 2553 quin
390 2471 485 2528 mox
502 2447 540 2526 in
555 2444 761 2530 molestum
776 2448 901 2531 abeat.
931 2453 1024 2532 Pro-

88 2568 181 2651 inde
209 2586 257 2651 ut
282 2571 319 2650 in
342 2569 592 2680 voluptatem
614 2575 813 2678 ingenium
835 2580 980 2654 mentis
1000 2568 1024 2647 d

85 2697 204 2782 rebus
233 2698 360 2780 arduis
377 2691 590 2807 asperisque
608 2697 777 2806 proclive
795 2701 860 2800 est,
889 2694 1024 2786 seduli)
1144 2754 1148 2761 ·

167 3057 217 3126 (a)
240 3057 364 3136 Apparet
380 3043 488 3116 Divdnr
500 3074 615 3131 numen,
634 3053 771 3137 sede'sque
785 3062 906 3140 quierae':

128 3149 215 3229 Qras
226 3166 316 3231 neque
326 3150 487 3212 concutiunt
501 3150 591 3224 venti,
613 3169 707 3233 neque
718 3153 824 3237 'nubila
835 3156 944 3217 nimbis

130 3238 324 3324 Adspergunt,
343 3263 433 3326 neque
446 3245 495 3304 nix
508 3244 563 3306 ucri
576 3264 706 3306 concreta
721 3244 823 3328 pruind

129 3339 211 3396 Cana
224 3339 327 3399 cadens
340 3339 432 3398 violat
445 3361 454 3412 3
473 3336 798 3421 sempdrqueinnubilns
812 3343 898 3402 ather

130 3426 248 3512 Inregit‚
267 3433 299 3492 dc
311 3430 390 3516 larg&
405 3432 510 3497 diffuso
523 3434 633 3496 lumine·
644 3435 728 3495 ridet.v

129 3525 237 3584 Omnia
251 3523 415 3610 suppeditat
427 3528 511 3611 porri)
524 3547 637 3604 natura,
660 3548 754 3610 neque
767 3524 832 3586 ulla

134 3615 193 3676 Res
205 3619 293 3681 animi
309 3643 408 3705 pacem
422 3612 550 3686 delibrat
560 3642 690 3705 ternpore
703 3625 732 3683 in
744 3620 814 3684 ullo.

815 3719 923 3786 Lucere.
937 3724 970 3782 L.
983 3720 1028 3780 iii.

548 3922 590 4007 D
985 3874 1038 4002 edu
