2498 4358
91 208 192 357 z98
404 204 489 319 Dc
504 197 761 319 Medicina
779 203 984 313 Mentis.

222 392 460 507 lerrimique
487 389 635 478 necesse
652 393 708 475 eli
720 433 734 492 ς
772 408 822 476 ut
841 393 1160 503 imaginatiolla-

222 521 299 601 tim
331 545 393 602 res
422 515 551 601 viride
580 515 780 628 depingat,
822 514 948 628 dtque
972 522 1164 603 memoria·

223 667 373 724 errores
391 639 503 754 aque
531 666 578 724 ac
604 637 734 724 causas
750 638 972 723 eorundem
991 639 1165 731 fideliter.

224 794 271 850 ac
309 769 481 857 distinct&
516 786 666 860 teneat.
718 766 922 879 Siquidem
953 767 1029 853 hac
1066 768 1159 852 dote

221 895 384 1006 predita
404 922 516 980 mens
532 920 680 978 errores
708 890 810 1004 priris
839 892 1022 982 detestor
1048 893 1161 1006 sugit,

222 1015 434 1132 subitdqffi
466 1018 664 1126 excogitat
693 1044 778 1129 quo
806 1023 930 1128 pado,
956 1016 1158 1133 fiquando

224 1145 301 1224 iter
317 1137 507 1244 ejusmodi
527 1139 808 1224 transeundum
820 1141 890 1243 eu,
918 1139 1066 1252 gressus
1083 1145 1159 1232 alib.

221 1263 387 1376 dirigere
404 1263 515 1366 licet,
550 1283 673 1378 atque
705 1264 953 1357 incommoda
968 1266 1160 1380 undiqnd·

224 1417 306 1510 que
343 1395 521 1502 urgentia
558 1389 744 1473 devitare.
799 1397 896 1489 Quo
928 1392 966 1475 in
998 1396 1160 1504 negotio

226 1509 465 1598 discernendi
503 1509 671 1596 facultas
704 1516 847 1598 eximie
879 1516 1049 1630 prodest,
1073 1543 1159 1628 quae

227 1632 253 1718 d
272 1642 393 1741 noxiis
419 1638 530 1721 utilia
550 1663 652 1721 nunc
670 1635 882 1747 distinguit,
908 1641 1033 1754 sagaci
1060 1640 1158 1755 prius

224 1755 360 1844 habitu
377 1759 528 1865 edodla,
556 1760 724 1871 qualiter
743 1787 806 1842 res
818 1758 979 1849 habent.

53 2044 187 2130 aranu
282 2003 349 2092 Ad
375 2003 477 2088 bunc
503 2002 672 2089 modurn
692 2004 887 2090 Medicina
917 2008 1160 2122 contempla:

53 2139 91 2233 ’ἐ
105 2135 183 2217 mqu-
225 2150 293 2217 tur
310 2159 436 2217 avum
471 2129 570 2214 istud
600 2129 712 2242 quod
740 2130 963 2219 bominibus
990 2134 1163 2246 degitur,

50 2211 208 2361 msff‘
225 2255 307 2341 τιυὶ
343 2283 433 2340 cum
464 2252 664 2352 omnibus,
698 2256 768 2364 qui
798 2253 934 2339 eidem
968 2257 1161 2355 accidunt,

224 2381 386 2479 morbis,
408 2374 532 2490 'atque
550 2378 690 2468 exinde
706 2375 818 2462 discit
842 2382 991 2465 nullam
1011 2380 1157 2467 sanandi

226 2510 420 2591 rationem
441 2498 516 2584 else
545 2501 814 2604 adhibendam,
840 2529 927 2614 quae
945 2506 1012 2590 vel
1041 2506 1159 2589 aetatis

225 2630 288 2713 vel
316 2625 457 2712 itidem
491 2623 620 2707 morbi
654 2622 766 2733 ipfius
795 2632 966 2737 tempori
999 2627 1158 2711 minimi

226 2755 461 2849 conueniat3
487 2775 575 2861 quat
603 2777 675 2833 nec
702 2752 740 2830 in
761 2747 966 2835 discrimen
998 2754 1080 2836 tale
1099 2751 1160 2834 ad·

227 2874 362 2972 ducat,
389 2874 507 2984 quale
538 2872 665 2956 morbi
695 2874 892 2981 ingenium
921 2880 960 2959 in
991 2876 1030 2959 le
1049 2876 1159 2961 mini-

225 2994 292 3084 me
322 2994 634 3105 comprehendit.
687 2997 884 3078 Nimirum
912 3001 984 3111 qui
1012 2995 1157 3083 Artlrri·

221 3123 315 3207 tidis
343 3117 522 3203 dolorem
554 3114 771 3199 saevientem
803 3114 920 3221 sedat,
956 3142 1072 3232 atque
1104 3145 1155 3202 ex

222 3247 393 3334 articulis
425 3237 466 3331 in
496 3241 634 3327 viscera
672 3241 746 3323 srve
784 3242 958 3327 intestina
989 3239 1161 3350 repellit,

221 3377 262 3456 in
282 3393 440 3482 tempus
460 3369 600 3454 saltem
627 3366 826 3457 hominem
850 3367 997 3452 doloris
1026 3392 1160 3480 exper-

223 3516 310 3576 tem
330 3495 474 3595 reddit,
499 3516 542 3576 at
560 3494 709 3578 malum
730 3493 925 3600 adauget3
954 3520 1039 3605 quo
1058 3494 1156 3582 fauo

221 3617 351 3726 sapius
370 3616 517 3702 occaso
542 3614 685 3703 auxilia
717 3613 1008 3700 administrandi
1047 3620 1157 3702 amit-

78 3815 99 3835 „
220 3749 335 3832 titur.
391 3746 501 3826 Sicut
529 3744 737 3853 etiamqui
763 3738 1157 3854 pueros'puellisque

1078 3890 1157 3950 tan·
