2498 4358
268 280 349 395 Dc
373 274 623 392 Medicina
646 280 844 392 Mentis.
1082 304 1152 421 29

82 456 389 543 incommodum
420 454 586 562 senserit,
613 463 807 568 ingratum
835 489 902 571 per
933 461 1017 550 lon·

83 606 181 690 gum
207 585 397 690 temporis
417 579 581 687 spatium
600 582 791 667 videatur.
846 585 945 667 Hinc
964 587 1018 669 sab

82 699 133 785 ne*
152 703 262 812 plura
281 704 562 787 alimentorum
582 730 735 814 genera,
753 705 901 789 etiamst
924 734 1018 792 cau·

80 819 121 904 sa
141 825 229 909 data
249 848 328 910 non
349 824 530 934 explicite?
550 828 802 911 in'memorii
822 847 1019 933 teneatur,

83 944 301 1060 displicent.
347 945 448 1052 ,Qui
462 945 511 1029 de
527 976 568 1030 re
586 948 668 1033 fieri
692 947 803 1053 solet,
830 971 876 1036 ut
893 979 938 1034 ea
960 956 1016 1034 ci-

82 1069 227 1157 borum
245 1101 399 1186 genera,
427 1101 515 1185 quae
536 1070 670 1157 naturi
688 1072 750 1159 sui
768 1055 895 1160 dulcia
915 1074 1013 1176 sunt,

82 1195 227 1303 quibus
251 1194 428 1280 rarissrme
448 1193 623 1277 homiues
645 1197 839 1305 crapulam
859 1218 1014 1281 contra·

82 1311 197 1421 hunt,
222 1313 416 1403 fastidium
432 1316 487 1401 sui
509 1312 693 1428 ipsorum,
720 1321 835 1430 quale
850 1321 1013 1434 quidem

83 1439 233 1526 diutius
253 1441 381 1544 duret,
407 1443 469 1524 virt
488 1458 634 1525 creent.
689 1443 774 1526 imo
795 1451 833 1529 &
852 1446 1014 1528 alimen·
1111 1500 1114 1505 ,
1190 1492 1193 1501 ·

81 1583 125 1648 ta
143 1565 245 1649 bene
272 1567 416 1666 multa,
442 1563 626 1676 iquibus
647 1565 741 1651 odio
771 1566 875 1679 quast
902 1589 1013 1651 natu·

81 1688 156 1773 rali
174 1689 351 1774 homines
377 1687 585 1800 refugiunt,
610 1685 821 1772 istiusmodi
839 1689 934 1772 olim
954 1689 1013 1772 su·
1133 1798 1134 1802 Ν

81 1810 152 1898 isse
184 1818 265 1899 veri
302 1814 402 1901 haud
439 1812 608 1896 abfimile
648 1813 820 1916 videtur,
861 1812 1015 1898 tanretsr

84 1944 241 2052 jamjam
267 1945 306 2026 in
332 1943 497 2026 aiteram
525 1939 698 2053 eousque
718 1941 883 2026 abierint
901 1963 1013 2036 natu·

83 2094 184 2167 ram,
210 2085 255 2149 ut
287 2063 398 2151 causa
432 2062 601 2172 ejusdem
628 2064 764 2172 fastidii
796 2065 954 2151 nullum
972 2068 1012 2151 in

83 2189 272 2276 memorii
290 2192 494 2302 vestigium
512 2188 728 2304 reliquerit.

141 2443 338 2538 Quoniam
370 2462 506 2528 autem
538 2438 779 2552 experientii
811 2439 876 2526 seu
902 2442 1015 2527 nostri
1033 2455 1191 2534 Lucana.

83 2565 256 2680 ipsorum
275 2568 352 2654 srve
375 2566 513 2669 alieni,
541 2564 625 2651 imo
653 2575 692 2652 &
713 2565 872 2672 confilijs
890 2537 1181 2649 moni-s¹‘“''¹‘⁰¹'·
1218 2573 1221 2580 ’

81 2684 212 2806 cisque
230 2697 416 2795 innotuit,
442 2689 589 2801 aliquid
608 2684 750 2772 subesse
771 2688 876 2790 mali,
902 2687 1014 2800 quod

80 2839 220 2904 tamen
250 2822 447 2931 appetitus
476 2845 552 2902 non
584 2810 742 2926 refugit,
780 2812 900 2926 quale
927 2817 1016 2928 qui-

82 2943 176 3028 dem
208 2939 361 3027 affixum
389 2944 579 3027 memoria
610 2937 738 3022 vivide
764 2958 898 3039 tenet3
926 2938 1015 3025 hinc

83 3070 209 3154 oritur
236 3064 434 3177 oppofitus
460 3069 500 3147 in
532 3060 670 3145 eidem
698 3081 833 3145 mente
862 3060 1012 3157 sensus;

82 3189 191 3275 unde
211 3189 306 3302 saepe
335 3191 498 3300 appetit,
525 3184 632 3298 quod
652 3184 716 3267 fibi
735 3182 846 3268 fimul
873 3178 1016 3266 conscit

82 3310 160 3396 esse
190 3314 486 3398 incommodum
518 3333 587 3394 aot
607 3311 803 3419 ineptum,
829 3321 1014 3403 acccerta-

82 3466 180 3523 men
218 3423 423 3550 quoddam
455 3438 493 3519 in
534 3432 571 3517 se
611 3435 779 3545 concipit
805 3431 900 3513 dum
937 3426 1014 3512 huc

80 3559 183 3645 illuc
215 3562 449 3645 distrahatur.
504 3560 565 3642 Sic
598 3555 763 3641 Ovidius
810 3550 873 3664 (a)
922 3553 1015 3634 Me-

1031 2623 1186 2684 trarirrum.

132 3818 192 3919 (a)
220 3826 371 3902 Metam.
390 3820 503 3896 L.'vii.

856 3995 858 3998 .
906 3925 1029 4017 deoru
