2498 4358
255 233 336 348 De
357 148 608 351 Medicina
631 235 840 351 Mentin
1120 266 1163 390 fi

81 448 204 525 cere,
229 420 299 534 qui
338 429 529 528 tanquam
567 414 712 502 artibus
754 412 1012 502 fundamenta

80 545 385 642 substernuntur,
425 536 606 650 quotidie
632 537 865 624 discentibus
896 538 1015 623 tradi.

82 688 149 753 tur
170 708 181 768 ς
203 692 248 748 ac
274 658 443 772 proinde
463 655 621 744 eosdem
649 659 880 772 repetendo,
907 680 1014 744 ceter

83 786 204 899 rt'rque
222 790 266 893 ijs
285 785 483 867 elementa
509 782 771 894 adjungendo,
797 809 886 897 quae
905 785 1015 866 novin

84 926 169 995 rate
189 904 253 991 sue
263 905 522 990 attentionem
536 907 720 1006 excitant,
746 905 938 1015 principiis
957 898 1015 982 di-

86 1027 332 1140 sciplinarum
362 1023 480 1129 ijdem
514 1022 552 1108 se
582 1025 781 1110 imbuunt.
836 1027 1013 1124 Quaeed

85 1154 247 1238 tandem
271 1146 554 1262 promtitudine
576 1155 616 1239 in
636 1171 809 1235 mentem
832 1150 1014 1236 revocan-

85 1298 165 1379 tur,
190 1295 237 1360 ut
257 1271 391 1381 saepius
407 1269 546 1381 sponte
571 1271 638 1358 sud
657 1301 856 1376 emanare,
882 1274 1014 1385 potiris

87 1425 208 1513 quam
242 1399 329 1508 cogi
356 1394 573 1482 videantur.
627 1403 892 1483 Veruntamen
929 1399 1013 1508 post

84 1523 168 1608 sraec
186 1523 309 1621 initia,
326 1545 413 1630 quae
432 1516 574 1606 affidue
586 1520 796 1606 recolendo
815 1524 1015 1606 memoriae

86 1645 307 1758 affiguntur,
338 1641 526 1727 nonnulla
559 1640 757 1753 fingularia
782 1643 886 1744 sunt,
911 1641 1016 1728 rard·
1143 1652 1144 1659 ‘

87 1801 171 1885 que
185 1788 405 1869 occurrunt,
431 1766 560 1880 qualia
580 1769 655 1873 jam
677 1786 766 1853 tum
786 1765 925 1853 fortius
938 1773 1017 1853 ani·

89 1924 203 1982 mum
238 1891 324 1978 cord
360 1890 564 2002 indagandi
596 1890 825 2004 penitusque
856 1890 1017 2006 cognos-
1121 1970 1124 1975 .

84 2017 202 2104 cendi
250 2035 411 2102 acuunt.
475 2015 633 2101 Deinde
679 2017 792 2128 plura
829 2016 1017 2121 ejusmodi

89 2141 366 2252 complectitur
384 2141 592 2241 memoria,
619 2136 823 2250 vatidsque
841 2141 1017 2252 finrplici-

88 2294 160 2369 uni
184 2261 364 2346 sonorum
383 2259 430 2341 ad
460 2258 682 2344 seinvicem
702 2261 869 2366 habitus,
896 2294 1017 2379 quan·

89 2388 301 2498 docunque
326 2389 417 2468 artis
438 2382 594 2469 Musicae
613 2387 811 2474 elementa
837 2388 1016 2473 discenda

91 2510 192 2595 sunt.
245 2512 346 2594 Hinc
374 2527 522 2620 quanto
545 2508 728 2618 copiosius
747 2510 859 2605 sonos
876 2542 1019 2600 eorun-

80 2634 232 2728 demue
262 2652 376 2716 tonos
410 2629 642 2742 depromere
674 2631 879 2743 discipulus
901 2639 1020 2744 vaiet,

89 2776 204 2840 tanto
221 2751 370 2837 facilius
390 2751 576 2856 conferre,
593 2772 707 2837 tanto
730 2754 929 2851 distinctius
948 2759 1018 2845 fin-

89 2877 548 2994 gulossrnguiorr'rmque
572 2883 738 3001 rationes
767 2884 1019 2984 internoscere

78 3006 282 3117 *poterit-¹
308 3006 359 3085 Et
380 3029 429 3092 ne
448 3001 608 3086 tandem
634 3003 817 3091 sonorum
836 3013 1020 3094 multitu·
1105 3002 1109 3011 ’

90 3130 184 3212 dine
217 3128 406 3208 memoria
435 3126 601 3229 laboret,
627 3155 695 3210 eos
723 3127 825 3211 solos
855 3137 1019 3216 retinere

91 3272 214 3364 atque
237 3249 437 3360 disponere
458 3275 556 3357 opus
578 3251 645 3352 est,
671 3253 740 3361 qui
763 3258 908 3336 caeteris
928 3284 1021 3365 prae.-

92 3374 292 3458 stantiores
341 3369 539 3477 dijudicati
589 3369 753 3473 suer·int;
782 3376 892 3482 quod
934 3376 1018 3465 sane

76 3495 237 3608 -absque
257 3499 365 3582 certo
386 3495 522 3590 ordine
539 3494 620 3592 fieri
639 3501 701 3593 vix
720 3502 868 3606 potest:
897 3505 1021 3610 Cujus

92 3622 262 3731 quidem
294 3625 416 3707 virtus
442 3623 705 3732 imaginationi
734 3622 812 3709 fere
842 3629 1022 3729 debetur,

89 3767 183 3855 quae
214 3741 328 3857 sonos
362 3747 535 3850 numeria
566 3742 655 3864 apt{
687 3745 839 3865 prusrcis
866 3752 1022 3850 auditos

890 3888 1028 3980 pungit,
