2498 4358
262 241 347 353 Dr·
372 237 620 354 Medicina
656 243 841 355 Mentis

84 430 233 517 disertis
251 430 434 533 ornando,
462 438 501 516 δι
521 431 738 515 distinctum
755 429 921 544 nugulis
952 458 1019 515 or-

85 553 218 636 dinem
239 579 545 670 germanamque
561 549 858 661 simplicitatem
890 549 1018 637 tribu

82 675 190 759 endo
209 674 370 758 firmitas
396 674 510 779 judici
530 675 786 775 conciliatur3
814 703 897 826 quar
929 701 1020 785 pro

1059 252 1163 384 ua

83 799 174 884 inde
205 800 286 903 alijs
317 796 429 882 facile
465 797 654 910 perspecta
684 799 751 898 est,
792 827 917 911 eaque
951 829 1020 913 ap·
1097 876 1100 881 ,

83 944 206 1038 paret,
244 925 305 1008 cui
343 922 519 1041 plerique
549 923 655 1006 ultro
688 949 760 1005 nec
780 928 934 1010 coacti
922 930 1019 1011 mvi-
1199 972 1201 977 ·

80 1065 239 1150 tantur,
259 1073 304 1130 ac
331 1044 450 1132 fidem
473 1043 606 1154 sponte
625 1046 812 1156 pr.aestant
864 1052 909 1130 ln
939 1050 1018 1162 qud
1074 1042 1091 1057 ”
1159 1044 1189 1153 ’ζζ

82 1168 249 1282 quidem
277 1171 419 1251 mentis
450 1165 702 1278 progrelsroue
732 1165 1017 1255 adolescentem

82 1309 245 1397 oportet
272 1287 340 1375 suo
376 1288 525 1400 semper
556 1292 616 1373 uti
655 1290 809 1396 judicio,
844 1299 904 1378 &
901 1290 1018 1404 quali

81 1411 161 1498 fine
178 1417 318 1497 cortice
333 1441 445 1497 nare:
475 1419 525 1497 Et
544 1412 642 1498 dum
668 1413 709 1494 id
740 1413 881 1515 solum,
907 1414 1021 1528 quod

82 1541 127 1620 iu
145 1536 305 1650 qidque
343 1565 385 1621 re
417 1533 483 1619 srbi
510 1533 707 1646 probabile
733 1535 899 1634 videtur,
935 1565 1018 1623 ame

83 1659 278 1770 plectitur,
306 1663 425 1744 animi
460 1661 561 1744 vires
597 1654 731 1741 sensrm
763 1657 1019 1757 confirmabit,

81 1787 206 1889 Hujus
229 1787 374 1869 etenim
408 1782 604 1869 facultatis
640 1789 756 1894 aeque.
776 1809 819 1865 ac
848 1785 1017 1893 corporis

81 1907 257 1994 membra
295 1910 522 1993 mobilitate
553 1904 765 2020 plurimum
805 1909 950 2018 vigent,
976 1915 1016 1994 δι

81 2032 136 2116 eb
169 2031 319 2144 plenius
351 2031 537 2135 crescunt,
577 2028 658 2138 qub
688 2028 843 2114 liberilrs
872 2036 1018 2142 agitau-

81 2172 173 2252 tur3
201 2153 328 2238 donec
347 2149 549 2236 istiusmodi
571 2151 730 2234 tandem
745 2155 1018 2245 exercitatione

81 2277 290 2362 sanitatem
325 2280 528 2385 acquirunt
549 2276 688 2386 agilem
710 2282 850 2388 pariter
876 2305 919 2360 ac
952 2306 1017 2362 ro·

81 2400 245 2484 bullam.
298 2401 355 2482 Ex
375 2397 536 2483 adverso
554 2418 685 2483 autem
712 2399 780 2483 ubi
807 2401 1019 2486 methodus

81 2521 260 2607 uadeudi
290 2521 379 2602 talis
416 2522 483 2621 est,
527 2519 652 2626 qualis
692 2517 810 2606 fidem
845 2522 1020 2632 decretis,

80 2641 230 2733 etiamsi
259 2638 374 2725 causae
401 2638 650 2751 cognoscendi
678 2640 816 2724 abditae
842 2641 926 2743 fiat,
952 2642 1019 2727 ha-

80 2768 252 2852 benda-m
276 2767 466 2875 postulat;
493 2786 685 2873 quatenus
711 2765 789 2850 baec
814 2764 1018 2856 auuonraa

80 2891 259 2991 sancitur,
298 2908 462 2975 eatenus
494 2890 721 2973 decernendi
754 2889 916 2974 facultas
952 2919 1019 2976 ex,

81 3016 288 3125 tinguitur.
356 3012 480 3096 Unde
528 3015 671 3094 mentis
708 3012 870 3121 quidem
909 3017 1018 3122 vigor

81 3157 281 3247 perpetua
314 3134 418 3243 quast
451 3137 631 3246 pueritiae·
663 3131 839 3243 affigitur,
886 3162 1017 3245 neque

81 3252 218 3363 isthec,
245 3261 448 3370 postquam
490 3284 630 3368 organa
664 3261 933 3361 maturuerint,
960 3257 1016 3347 sui

81 3376 159 3471 effe
188 3381 432 3486 jurisvalete
468 3381 571 3466 Hinc
595 3404 640 3458 ea
671 3375 835 3463 nascitur
868 3381 1018 3466 incerti·
1114 3473 1125 3483 ,

81 3506 309 3614 tudo‚quae
342 3500 514 3612 eousque
549 3503 704 3587 adultos
739 3531 1017 3615 nonnunquam

81 3627 246 3728 obfidet,
291 3646 339 3713 ut
374 3624 559 3710 arternum
598 3626 796 3735 magistros
832 3625 1021 3735 respicere
1103 3634 1107 3642 '
1148 3604 1155 3719 s

82 3774 205 3863 opus
202 3747 300 3855 lit„
295 3770 442 3859 atque
462 3747 675 3952 inoverba
685 3772 829 3848 eorum
858 3749 1022 3858 permde

136 3928 162 3944 ·
182 3927 189 3943 ’
209 3902 231 3941 ³·
569 3896 596 3975 4
978 3891 1022 3949 ac
