2490 4290
43 158 152 308 2394
361 164 440 280 De
454 168 704 285 Medicina
730 175 949 283 Martii?

183 355 352 468 prrt'eire
390 353 529 445 solidos
569 358 799 463 corruperit.
856 340 1014 444 Scilicet
1049 350 1126 438 iioc

188 481 281 565 attis
300 477 471 569 ,medicat
491 478 558 578 est,
585 475 693 589 quod
721 474 847 563 facere
879 505 975 587 eum
1013 490 1132 591 opor-

188 622 266 704 tet,
292 605 356 686 cui
370 626 556 711 aegrorum
573 598 685 681 malis
704 599 916 709 invigilare,
929 606 970 686 δι
984 597 1128 685 dehinc

195 721 432 817 occurrendo
467 721 572 806 felici
590 716 754 813 eradere
775 722 905 806 liceat.
960 721 1018 807 At
1046 717 1136 807 rard

198 838 270 941 nec
295 844 359 931 nisr
391 845 496 956 apud
526 871 684 953 paucos,
718 845 786 954 qui
819 847 1036 930 amicorum
1069 869 1139 927 no

202 974 309 1059 mine
327 968 556 1075 salutantur,
583 987 667 1050 tam
687 964 884 1079 auspicato·
906 969 1140 1054 medicinam

204 1090 264 1176 illi
283 1086 430 1173 faciunt
457 1090 563 1173 beati
592 1084 749 1193 hujusce
774 1086 938 1176 scientiae
956 1084 1142 1205 profefl'o-

205 1240 280 1313 res,
323 1212 467 1326 quibus
503 1209 777 1324 prudentiores
812 1216 974 1325 experiri
1023 1202 1143 1323 agros

208 1340 417 1449 contingit.
472 1342 647 1421 Primum
677 1339 849 1447 quippe,··
863 1336 975 1450 quod
1007 1339 1046 1419 in
1077 1360 1143 1417 oc·

208 1461 404 1573 currendis
426 1462 572 1547 morbis
590 1462 833 1545 venientibus
852 1460 1035 1562 versatur,
1061 1484 1143 1543 me·

212 1585 293 1670 dici
318 1615 461 1673 munus
488 1589 532 1694 ijs
560 1583 664 1668 cedit
681 1601 729 1666 ut
750 1583 978 1695 plurimum,
1003 1581 1147 1696 quibus

211 1702 333 1794 causae
355 1713 516 1794 minoris
547 1710 757 1809 momenti,
796 1712 934 1819 quales
964 1710 1147 1793 nimirum

145 1904 148 1909 .
215 1832 445 1916 morborum
480 1835 586 1914 initia
617 1830 755 1914 baberi
787 1829 924 1935 solent,
962 1835 1152 1915 conmit-

211 1974 366 2040 tuntur.
423 1955 484 2040 Ac
518 1974 724 2067 propterea
762 1953 874 2056 hisce,
907 1955 1049 2068 quibus
1070 1982 1149 2053 non

216 2080 413 2187 ita'beatis
445 2074 519 2162 effe
559 2079 666 2179 licet,
706 2077 892 2163 ulteriora
925 2076 1154 2188 prospicien-

221 2204 318 2286 dum
352 2201 582 2286 morborum
612 2223 805 2312 tempora,
831 2203 988 2317 quando
1007 2203 1154 2289 radices

217 2325 376 2433 jamjam
398 2323 563 2437 egerint,
600 2341 721 2438 atque
744 2325 997 2426 adoleverint,
1025 2334 1065 2412 ὅ(
1087 2350 1153 2434 pe·

217 2448 300 2552 jora
320 2447 443 2530 indies
464 2447 678 2557 metuenda
708 2471 874 2533 mortem
909 2452 1158 2562 minitentur.

219 2568 283 2655 Ac
304 2573 465 2687 proinde
493 2571 588 2682 quid
609 2575 647 2655 in
667 2575 817 2680 gremio
836 2591 979 2656 naturae
1003 2573 1156 2684 praesrdij

222 2687 337 2773 fitum
355 2691 402 2776 fir
426 2694 600 2800 serotinis
621 2695 694 2803 istis
727 2692 827 2777 boris
854 2699 1075 2806 perquirere
1096 2695 1156 2779 sae·

227 2832 443 2917 penumero
477 2846 578 2926 opus
609 2818 675 2898 est.
731 2817 815 2903 Ubi
848 2820 1012 2929 quidem
1050 2818 1161 2930 pofiti

125 2990 128 2998 ·
228 2937 431 3029 'advertent
455 2940 623 3053 primunr
646 2942 801 3049 medici,
826 2941 1032 3059 quousque
1059 2973 1162 3028 mor·

232 3060 272 3143 bi
291 3063 473 3146 naturalis
493 3066 590 3150 ordo
610 3067 810 3167 turbatum
850 3086 920 3152 aut
943 3096 993 3152 an
1013 3095 1160 3175 aegrum

234 3182 360 3291 ssatim
389 3187 499 3272 velut
520 3187 542 3272 ἑ
561 3191 730 3272 flammis
749 3193 897 3302 eripere
917 3188 971 3273 fas
999 3189 1059 3272 fit.
1091 3196 1095 3203 ’
1114 3197 1164 3276 Et

234 3310 548 3423 quandocunque
577 3341 646 3424 per
679 3311 759 3396 haec
787 3343 918 3413 rerum
955 3310 1167 3397 discrimina

235 3431 427 3538 medicina
454 3436 662 3519 exercenda
681 3437 752 3545 est,
787 3434 939 3521 solertii
957 3440 1079 3520 etiam
1099 3443 1167 3519 im·

232 3554 547 3672 peratoriaibaud
557 3563 709 3644 minore
723 3590 823 3671 opus
836 3567 923 3646 erit.
959 3561 1027 3648 Ad
1046 3591 1165 3673 quam

233 3674 318 3760 saur}
339 3673 448 3816 oibcij
469 3705 621 3789 partem
641 3684 912 3797 exequendam
938 3685 1169 3794 conducunt

1014 3805 1166 3890 confilia
