2498 4358
307 214 386 320 De
415 207 662 349 Medicina
689 209 888 322 Mentis.
1107 225 1210 363 313

127 396 554 514 minus-periculosam
584 398 653 484 ubi
686 397 765 484 haec
798 392 967 481 facultas
999 392 1069 479 du·

128 530 230 613 uilis
259 536 299 614 dr
321 531 378 614 ⁹inw
399 526 581 641 quemvis
613 523 790 608 habitum
822 522 979 637 sequax,
1004 545 1070 603 ve·

128 655 205 739 luti
235 679 319 738 cera
358 645 577 760 impressam
611 650 727 732 aliam
760 648 808 731 ab
838 645 912 730 alia
931 647 1070 758 imagis

129 805 222 859 nem
266 779 387 888 capit,
432 773 690 886 omniumque
728 771 819 855 dein
855 772 1069 855 formarum

130 899 196 999 est,
223 927 354 1012 neque
386 896 453 982 srbi
474 897 660 996 constans,
687 922 772 996 nec,
799 923 885 1011 quae
912 894 960 979 ab
992 899 1072 1006 alijs

132 960 263 1124 discit,
286 1021 434 1106 diutius
450 1022 634 1105 retinens.

64 1293 67 1300 '
186 1280 290 1361 Inter
320 1294 537 1387 utrumque
564 1294 699 1358 autem
723 1293 946 1359 extremum
978 1274 1070 1361 felia
1088 1297 1209 1358 ,ranam

123 1424 178 1480 ‘ea
210 1396 418 1482 arbitrandi
451 1396 609 1479 libertas
640 1399 851 1502 interjacet,
878 1424 962 1508 quae
991 1425 1069 1482 non

131 1522 199 1608 nisr
232 1524 426 1607 rationum
460 1525 674 1605 momentis
716 1526 756 1604 in
790 1522 856 1605 has
890 1523 954 1606 vel
983 1523 1069 1608 illas
1119 1582 1123 1598 ·

132 1664 261 1760 partes
281 1647 513 1747 inclinatur,
542 1673 672 1758 neque
699 1647 818 1732 ullius
846 1646 972 1729 verbis
999 1646 1070 1731 ed·

134 1767 259 1882 usque
277 1769 400 1856 fidem
427 1771 557 1871 habet,
583 1790 631 1855 ut
662 1771 752 1856 ab
730 1800 772 1878 us
803 1775 967 1883 potestas
993 1773 1100 1858 dis·

129 1882 338 1998 sentiendi,
362 1895 682 2009 quandocunque
709 1923 770 1979 res
789 1897 901 1980 aliter
918 1897 1070 2001 habeat,

130 2019 340 2104 minuatur
395 2024 606 2106 Enimvero
629 2018 780 2107 nullum
804 2018 983 2130 insignius
1001 2038 1071 2108 aut

128 2144 275 2226 certius
328 2142 502 2228 sanitatis
552 2145 808 2254 integerrimae
855 2144 1071 2228 documen·

130 2283 221 2350 tum
251 2269 475 2378 imperatrix
509 2267 599 2354 dare
634 2269 758 2380 potest
806 2266 929 2380 quam
961 2269 1071 2382 quod

131 2387 245 2499 ipsrus
283 2388 441 2476 libertas
488 2393 651 2504 prodi-t;
704 2391 768 2474 ide
794 2400 877 2505 'que
925 2396 1073 2496 omnia,

74 2527 79 2530 ’
130 2538 218 2622 quae
243 2511 342 2599 hanc
363 2516 586 2625 praecidunt,
613 2532 776 2600 eatenus
808 2519 930 2600 etiam
961 2518 1071 2604 illam

129 2633 316 2742 perdunt.
369 2643 519 2723 Interea
548 2638 812 2751 undecunque
845 2636 893 2722 fir
920 2659 967 2725 ut
1000 2641 1074 2724 ali·

79 2813 85 2844 2
132 2759 233 2869 quid
272 2758 397 2846 facere
430 2765 656 2875 imperatrix
689 2762 843 2849 addida
875 2762 934 2866 fit,
960 2763 1071 2877 quod

133 2901 205 2965 aut
242 2883 402 2990 confilijs
442 2884 647 2972 monitisve
698 2885 936 2972 facultatum
982 2888 1074 2973 reli»

130 3032 298 3118 quarum
348 3015 497 3106 mentia
546 3009 785 3124 superiorum
836 3007 1073 3107 adversatur,
1178 3004 1180 3007 ³

129 3151 200 3217 aut
241 3159 290 3219 ex
328 3133 463 3240 iisdem
510 3164 590 3224 non
638 3135 872 3237 deducitur,
931 3139 1071 3225 exinde

130 3249 218 3343 sane
249 3254 412 3339 libertas
450 3258 653 3347 adimitur.
705 3257 761 3344 Ed
795 3261 945 3371 quippe
982 3261 1088 3374 lege

130 3379 313 3490 imperat,
340 3401 385 3466 ut
416 3385 455 3465 in
484 3386 618 3493 primis
658 3381 711 3470 sui
739 3382 850 3498 ipfius
887 3383 1000 3471 saluti
1030 3393 1070 3476 in
1113 3433 1115 3437 ¹

133 3502 348 3594 universum
382 3505 616 3614 consulatur,
642 3516 683 3597 δι
715 3527 765 3595 ut
796 3509 988 3626 quicquid
1017 3513 1070 3599 ed

131 3628 499 3746 eademeadem,
536 3664 588 3739 ue
621 3634 724 3750 illud
760 3638 996 3856 repudiare,d
1004 3665 1071 3723 ne·

998 3787 1069 3855 um
