2490 4290
245 166 324 276 De
351 169 609 285 Medicina
634 172 833 283 Mentis.
1115 189 1146 317 3

72 372 252 439 mentem
284 354 419 443 levant
448 355 697 471 juvantque:
726 357 838 440 Sicut
879 357 1000 442 etiam

69 507 156 593 quae
172 500 316 591 'corpus
330 480 504 567 valenter
519 482 630 568 alunt
642 477 1000 581 roborintve,men⁴

68 625 151 690 tem
167 605 366 692 interdum
381 629 632 718 praegravant.
686 613 780 704 Quo
798 606 858 709 fit,
885 629 931 692 ut
945 613 1002 692 vi-

68 749 137 841 gor
167 732 310 814 mentis
341 757 418 815 non
439 727 620 841 sequatur
653 731 823 840 corporis
856 730 1001 830 robur3

67 883 141 969 nec
160 854 240 938 cibi
267 851 442 937 athletici
461 849 842 963 exercitationesque,
868 855 1005 966 quales

65 983 114 1081 ad
135 981 306 1091 sanitatis
323 975 518 1092 fastigium
533 978 767 1094 perducunt,
794 979 843 1061 ad
858 984 1003 1063 mentis

64 1109 210 1220 pariter
242 1105 359 1188 robur
393 1101 511 1189 utiles
542 1099 898 1215 deprehendantun
950 1096 999 1190 ld

64 1227 175 1342 qood
206 1228 348 1315 Pittaci
378 1222 443 1336 (a)
474 1225 580 1310 illius
608 1223 788 1339 sapientis
815 1227 998 1335 exemplo

64 1355 241 1451 illustrari
273 1351 413 1465 potest,
454 1355 538 1465 qui,
576 1350 753 1464 fingulari
787 1354 998 1436 certamine

62 1506 157 1562 cum
183 1475 387 1591 Phrynone
414 1462 474 1589 (b)
497 1474 776 1586 olympionice
809 1477 1000 1578 instituto,

64 1602 121 1695 uti
140 1597 280 1683 maluit
303 1597 468 1715 consilio*
487 1594 606 1711 quim
626 1594 759 1714 aperti
779 1598 833 1697 vi,
857 1617 1000 1707 utpote

60 1721 194 1835 qualis
212 1718 404 1830 adversarii
431 1722 550 1808 robur
578 1716 665 1804 satis
686 1723 892 1806 Pancratio
909 1747 999 1830 pro-

61 1847 205 1933 batum
239 1839 360 1945 eiset3
381 1874 438 1941 ¹ae
462 1845 626 1955 proinde
652 1850 727 1930 reti
753 1842 907 1932 occulte*
926 1843 997 1930 sub

57 1963 172 2059 scuto
198 1967 318 2055 allato
337 1967 522 2052 athletam
541 1970 760 2082 impedivit.

115 2221 171 2301 Et
189 2219 336 2304 constat
347 2218 512 2331 quidem
527 2212 736 2305 secundam
752 2212 921 2328 corporis
932 2234 996 2303 'va-
1010 2248 1135 2318 nme,

59 2342 279 2459 letudinem
309 2371 389 2428 non
411 2346 601 2454 perpetuo
622 2346 748 2426 menti
767 2343 868 2427 bona
887 2337 994 2428 affer·
1010 2343 1137 2478 yffi

58 2495 105 2567 re
115 2508 128 2568 t
155 2470 252 2582 quin
273 2466 357 2551 imo
373 2466 600 2580 frequenter
612 2464 751 2550 exinde
766 2465 995 2554 oboriuntur
1016 2497 1170 2578 mentesani

1013 2583 1150 2722 §neem

1030 2681 1058 2726 a·

108 2752 169 2852 (a)
189 2765 342 2847 nennius,
362 2757 559 2857 quizleptem
577 2756 786 2852 sapientibus
798 2761 888 2855 apud
899 2759 993 2837 Gne·

60 2894 120 2947 cos
145 2861 335 2962 adscriptus
358 2868 417 2956 en,
447 2892 542 2964 quum
565 2868 602 2950 de
624 2877 693 2962 agri
714 2871 900 2944 Achiditidis
922 2867 992 2964 paſs·-

54 2976 174 3076 sefflone
192 2985 273 3050 inter
286 2971 484 3063 Athenienses
502 2976 543 3052 (i
565 2978 753 3068 Mitylenen
771 2987 868 3050 nemis
887 2981 992 3053 decer-

62 3112 195 3174 neretur,
216 3095 380 3181 imperator
396 3082 455 3180 ipse
467 3077 615 3159 exercitis
635 3113 703 3157 cum
718 3090 875 3177 Phrynone
890 3093 992 3160 Ainea

63 3201 206 3294 incestum
224 3196 309 3284 duce,
331 3207 386 3293 qui
408 3195 449 3284 dr
461 3198 696 3289 Pancratiastes
721 3194 994 3291 &Olympionices

59 3305 176 3398 lueret,
197 3311 353 3405 fingtdam'
378 3316 541 3385 certamine
563 3328 698 3402 pugnare
724 3311 866 3404 institnit.
913 3311 993 3385 Rem

65 3428 153 3512 igitur
177 3422 276 3514 elypee
286 3441 385 3514 tegens
402 3425 590 3511 Phrynonem
603 3428 647 3504 eo,
670 3418 745 3490 dum
757 3442 816 3490 non
826 3443 925 3511 canet,
942 3422 994 3492 in-

67 3531 180 3614 nleit3
204 3525 323 3628 ipsique
337 3552 469 3628 peremto
484 3556 601 3626 ngeum
610 3525 767 3622 servavit.
819 3524 935 3611 Laict.
954 3538 992 3611 in
1031 3535 1034 3540 ’

69 3635 135 3713 titi
154 3640 294 3716 Pittaci.

10 3746 13 3821 l
106 3754 121 3835 l
124 3749 157 3832 b)
179 3750 393 3854 Olympiade
408 3775 505 3830 xxxv.

11 3870 15 3905 ³
504 3850 586 3929 Ba
884 3841 994 3929 velut
1073 3931 1075 3937 .
