2498 4358
108 262 170 380 18

70 602 126 658 Res
138 596 187 651 ad·

70 698 117 737 ver
128 697 147 735 a
159 695 228 734 c·0m

72 758 156 816 ηιιοᾰι

414 263 492 374 De
520 257 774 377 Medicina
804 264 1005 379 Mentis.

299 571 420 672 Quod
433 575 574 656 attinet
589 592 724 658 autem
736 571 786 656 ad
805 570 948 655 bonam
968 567 1178 655 hominum

245 716 397 811 partem
429 725 538 780 mens
573 701 723 808 corpori
760 694 888 778 adhuc
923 698 1070 805 vigenti
1099 719 1179 788 non

247 843 405 909 tantum
430 825 613 934 imperat,
639 841 831 937 quantum
854 824 935 933 post
961 849 1021 905 res
1043 821 1180 906 adver-³

247 949 302 1038 sas
321 947 453 1058 saepius
466 967 637 1032 tentatas
649 979 734 1034 non
752 947 827 1031 fine
846 951 981 1058 impari
1002 941 1181 1058 congrese

247 1074 304 1174 su,
337 1087 510 1156 attamen
549 1101 597 1156 ex
634 1099 717 1183 que
751 1071 954 1180 diligentia
990 1067 1180 1155 ultimum

247 1195 378 1279 victrix
408 1190 535 1277 evafit.
590 1199 735 1308 Neque
768 1193 841 1279 alla
871 1195 1027 1279 videtur
1059 1190 1183 1298 causa,

248 1346 317 1404 cur
352 1318 496 1401 naturis
522 1268 753 1428 quibusdam
787 1321 930 1401 mentis
965 1318 1180 1428 imperium

249 1460 433 1528 nontam
455 1441 558 1526 clare
584 1441 764 1542 eluceat·
792 1439 982 1554 siquidem
1002 1470 1057 1526 eae
1076 1437 1181 1526 sorte

249 1549 352 1669 sunt,
378 1564 522 1679 quibus
552 1563 716 1652 secunda
748 1564 895 1676 obtigit
918 1566 1114 1663 valetudo,
1141 1568 1180 1648 δι

250 1692 395 1804 quibus
427 1688 583 1775 fortuna
614 1685 748 1775 favens
777 1717 853 1774 non
888 1690 952 1773 nisr
971 1686 1181 1799 speciosam

250 1845 382 1905 rerum
395 1811 539 1897 faciem
553 1814 744 1916 exhibuit,
769 1829 814 1896 ac
833 1818 993 1901 minime
1005 1819 1046 1902 in
1065 1815 1180 1927 palea

251 1941 330 2024 nra.
344 1936 408 2023 sud
427 1930 614 2024 exercuit.
668 1935 749 2038 Qui
770 1939 859 2022 dein
878 1940 1032 2044 accidit,
1059 1960 1109 2027 ut
1125 1943 1181 2026 ina

248 2060 397 2147 habiles
416 2059 465 2143 ad
490 2060 715 2148 luctandum
736 2062 841 2165 fiant,
868 2063 970 2180 siqua
992 2064 1105 2154 causa
1125 2059 1183 2149 os

247 2185 404 2288 seratur,
416 2213 488 2268 nec
501 2185 627 2270 minus
640 2187 688 2269 ad
702 2187 932 2300 depellenda
949 2187 1067 2302 qudm
1089 2214 1182 2299 praed

250 2310 419 2396 videnda
456 2311 558 2394 mala
595 2311 782 2397 valentes.
837 2314 957 2399 Unde
994 2312 1182 2400 fortunati

249 2430 458 2521 istiusmodi
479 2431 654 2518 homines
673 2436 753 2541 alijs
771 2434 1008 2548 frequentiis
1027 2437 1184 2541 inutiles

248 2559 444 2644 videntur.
499 2563 587 2644 Nec
615 2558 701 2644 raro
729 2564 873 2663 evenit,
899 2579 946 2644 ut
976 2560 1184 2673 filongaevi

251 2684 456 2785 evaserint,
482 2702 593 2769 terra
629 2686 781 2796 pondus
816 2687 927 2770 velut
960 2689 1184 2774 incommo

225 2807 350 2892 dum
389 2803 529 2892 censeri
567 2805 700 2912 ijsdem
738 2813 951 2919 contingat.
1003 2812 1098 2912 Qua
1136 2814 1186 2899 de

248 2929 366 3017 causd
383 2931 481 3015 illud
496 2929 717 3018 hominibus
729 2931 823 3018 felia
835 2933 1080 3050 faustumque
1093 2966 1186 3050 prat-

252 3060 421 3161 dicatur,
447 3076 495 3143 ut
514 3061 640 3170 priore
658 3062 746 3144 vitae
764 3062 886 3146 stadio
908 3063 1021 3146 malis
1038 3061 1186 3150 obfide·

253 3206 367 3274 antur
380 3229 391 3287 3
419 3214 469 3271 ne
489 3215 600 3269 mens
629 3185 714 3270 serd
742 3191 833 3273 cum
854 3187 1073 3275 difficilibus
1092 3221 1185 3279 con-

254 3313 418 3425 gressura
445 3311 471 3396 s
459 3334 504 3416 t,
531 3313 661 3422 qualia
681 3314 858 3427 plerique
878 3315 939 3421 alij
959 3317 1186 3433 devicerint,

251 3435 373 3570 ldque
403 3439 608 3549 postquam
636 3457 815 3546 tempora
853 3440 1121 3550 experiendi
1110 3471 1185 3551 jam

254 3561 519 3671 praeterierint
571 3564 671 3644 Hinc
715 3564 871 3646 interim
911 3566 1069 3666 constat,
1118 3596 1187 3654 cur

248 3684 436 3771 animofi
427 3713 583 3790 juvenes
608 3684 740 3795 saepius
779 3688 828 3772 ad
859 3690 1000 3776 bonam
1032 3693 1186 3814 frugem

247 3807 608 3925 perdudifuerint,
634 3815 765 3924 quiin
791 3815 982 3928 perpetual
1013 3845 1185 3907 cumre-

1113 3939 1185 4027 bus
