2498 4358
101 213 175 350 76
422 208 502 316 De
530 205 781 325 Medicina
807 209 1001 351 Mentis.

41 508 44 512 ff
153 452 162 464 -
243 419 325 506 que
348 392 538 518 saperent.
583 403 842 507 Imperatores
860 396 950 480 dein
969 394 1176 510 sequentes
1222 453 1224 456 -

109 599 113 629 ‚
244 543 316 626 pro
331 519 435 602 varii
446 547 491 602 ac
505 518 646 606 vitiosi
660 518 843 632 cujusque
855 517 993 605 naturi
1007 521 1176 622 ejusmo-

247 626 287 711 di
315 626 468 742 ingenia
490 630 710 717 obtundere
732 634 858 717 conati
878 629 966 718 sunt
983 628 1035 716 us
1060 661 1108 716 ue
1127 631 1175 716 ad

81 808 88 816 .
199 800 201 805 ,
247 741 403 846 Traiani
414 763 561 828 ortum.
593 750 687 848 Quo
705 763 886 854 tempore
904 661 1058 834 tametl
1073 747 1175 861 puri·

245 883 307 950 tas
328 867 613 981 elegantiaque
646 893 849 979 nunquam
882 875 1175 970 reverterentur,

238 1009 419 1100 'attamen
441 981 597 1074 libertas
609 996 811 1082 Romanos
826 987 1001 1102 respexit,
1030 1018 1074 1074 ac
1089 996 1174 1078 Ta·

244 1120 325 1201 cito
362 1113 483 1199 nobili
506 1112 708 1226 asperitate
739 1113 805 1206 sui,
837 1112 944 1199 brevi
961 1116 1077 1200 licuit
1094 1144 1174 1230 per-

242 1244 424 1354 stringere
469 1269 607 1326 eorum
647 1238 809 1342 famam,
846 1246 916 1356 qui
943 1246 1072 1353 patriae
1103 1240 1173 1329 sua

238 1369 418 1454 dedecus
445 1370 636 1469 vixerant,
662 1363 948 1480 foediffimique
974 1371 1176 1477 exemplo-

245 1520 336 1578 rum
353 1489 533 1605 spurcitie
552 1517 694 1574 nomen
708 1496 932 1581 Romanum
951 1485 1171 1579 dehonestas·

247 1637 344 1708 rant.

69 1885 206 1974 Qantara
302 1868 537 1977 Quicunque
577 1862 710 1947 reveri
744 1864 912 1950 aemulus
949 1863 1004 1945 est
1051 1861 1174 1948 laudis

68 1971 200 2032 ‘mm'
247 1992 382 2075 alienae
401 1993 582 2089 virtutes,
607 2008 768 2100 propter
787 2016 886 2103 quas
914 1988 1010 2074 alius
1036 1984 1174 2075 lauda·

69 2065 151 2111 aaa
247 2137 326 2220 tur,
353 2111 520 2226 suspicit,
543 2117 596 2200 'aa
637 2142 685 2198 ex
732 2115 862 2199 animo
893 2113 969 2199 nbi
1009 2116 1175 2229 aequales

245 2259 359 2355 optat
390 2272 401 2319 t
453 2237 575 2325 Unde
605 2234 821 2341 hujusmodi
849 2237 1049 2324 aemulatio
1069 2237 1120 2323 ab
1138 2261 1173 2320 a·

247 2367 368 2447 moris
386 2356 521 2444 affectu
544 2360 626 2445 tela
663 2358 741 2463 sua,
768 2361 956 2465 stimulos,
982 2360 1174 2448 fiammis·

248 2517 328 2604 que
373 2489 527 2600 accipit.
579 2491 718 2598 Itaque
744 2482 961 2572 viciffitudo
989 2488 1173 2602 quaedam

249 2616 397 2700 doloris
423 2640 467 2696 ac
487 2614 702 2723 voluptatis
741 2613 780 2696 in
812 2613 1064 2697 aemulatione
1086 2642 1174 2729 pro·

249 2739 300 2822 bi
335 2743 535 2822 recurrit:
592 2735 711 2822 Adeo
724 2754 777 2820 ut
810 2764 911 2821 nunc
932 2735 1001 2820 ille
1039 2736 1174 2852 asperi·

248 2883 330 2946 tate
351 2859 417 2947 sud
439 2866 576 2951 incitet
589 2905 600 2960 3
625 2889 725 2945 nunc
747 2860 826 2944 haec
854 2858 1022 2948 suaviter
1054 2863 1175 2976 polire

244 2986 410 3088 studeat,
456 3006 679 3098 naturaeque
716 3009 937 3096 germanam
971 2992 1176 3072 amoenita-

247 3131 356 3194 temx
382 3109 693 3222 superinducat.»
740 3114 993 3222 Quapropter
1027 3113 1176 3227 ,ingenii

247 3241 398 3324 cultura
419 3240 482 3320 vix
503 3236 664 3321 feliciter
697 3234 816 3338 cedit,
846 3237 913 3324 ubi
943 3236 1176 3348 exemplaria

249 3359 399 3461 desum,
426 3360 555 3472 qualia
593 3359 646 3442 ob
679 3356 817 3442 oculos
837 3360 1074 3551 perpetuum
1097 3360 1178 3445 lau·

248 3472 339 3553 data
374 3473 510 3555 intueri
540 3473 644 3552 licet.
700 3468 873 3579 Ideoque
908 3471 1005 3554 rmul
1048 3495 1093 3552 ac
1124 3498 1178 3554 ar·

247 3613 307 3673 tes
321 3600 371 3678 eo
386 3602 571 3704 proveeta
587 3592 742 3696 fuerint,
772 3612 818 3686 ut
839 3592 930 3675 nihil
951 3592 1105 3705 insuper
1133 3622 1176 3676 ex

247 3745 382 3801 earum
402 3717 625 3827 professione
649 3719 762 3805 cultu
793 3718 954 3830 dignum
994 3718 1179 3832 speretur,

246 3833 393 3915 eadem
419 3832 500 3917 cito
539 3832 753 3931 deficiunt,
797 3833 980 3943 quoniam
1016 3859 1072 3915 eae
1099 3833 1179 3914 lan·

1056 3970 1178 4066 guent
