2498 4358
270 240 350 355 De
375 235 629 355 Medicina-
652 240 851 354 Memr'r.
1014 151 1016 154 Ι
1064 213 1156 370 ἱ45

83 445 180 529 pore
197 415 339 502 fincera
373 428 412 503 δι
441 414 607 529 profusa,
635 419 778 534 absque
800 419 942 534 quibus
958 421 1016 508 sa*

81 545 185 627 nitas
205 544 267 626 vix
286 544 448 643 constat,
468 564 641 627 attamen
663 542 741 626 haec
761 542 840 655 ipsa
858 544 933 628 fine
952 540 1018 629 do-

84 664 253 805 rundem
289 665 448 778 perinde
475 685 596 782 atque
626 666 812 754 dolorum
843 668 1020 753 recorda·

79 809 205 873 tione.

144 1036 327 1120 Proximo
353 1037 423 1119 aevi
450 1032 570 1118 stadio
596 1034 733 1121 dentes
758 1034 797 1117 se
816 1034 1020 1138 attollunt,
1035 1041 1161 1140 fraqima

85 1157 299 1270 caeterdque
334 1161 440 1241 vocis
475 1184 617 1267 organa
650 1158 699 1242 ad
731 1157 932 1242 articulate
960 1159 1019 1243 lo·
1032 1136 1131 1188 ''m''

87 1284 291 1393 quendum
323 1301 624 1391 comparantur;
652 1282 770 1394 pedes
801 1282 850 1365 ad
878 1281 1020 1367 ambu-

87 1405 251 1494 landum
281 1405 469 1491 firmiores
488 1405 676 1510 evadunt,
701 1407 916 1522 totumque
937 1432 1021 1490 cor·-

90 1561 164 1644 pus
198 1531 337 1640 agilius
363 1529 554 1614 redditur.
608 1529 751 1637 Idonea
782 1534 902 1639 igitur
931 1532 1022 1616 huic

86 1657 198 1740 aetati
231 1652 409 1764 voluptas
436 1653 490 1734 est
509 1657 737 1738 exercitatio
758 1653 854 1736 levis
870 1649 1022 1738 summd

89 1779 211 1882 varia,
239 1775 327 1858 ciam
353 1802 584 1886 organorum
605 1778 816 1876 vocalium,
846 1775 932 1861 tiam
951 1804 1022 1889 pe-

93 1904 194 1988 dum
215 1900 458 2015 corporisque
476 1920 634 1989 artuum
647 1903 830 1986 mollium
846 1901 1021 2017 mirdque

92 2025 296 2109 flexilium.
351 2029 527 2125 Quin&
559 2025 782 2114 eduliorum
802 2028 1025 2140 potionum

93 2177 175 2262 que
198 2145 403 2232 dulcifer&
423 2146 551 2258 sapore
570 2149 800 2236 obleuatur.
855 2154 951 2246 Quae
968 2155 1025 2233 vi-

94 2273 167 2356 det
186 2269 375 2384 auditque
394 2274 539 2356 imitari
557 2275 683 2382 gestit,
703 2268 1025 2386 praesentibusque

94 2399 265 2500 laetatur,
282 2401 348 2482 vix
366 2399 549 2508 praeteriti
566 2397 661 2483 -boni
681 2396 825 2484 malive
855 2425 1025 2502 memor,

96 2519 267 2606 suturive
296 2541 422 2608 cauta.
451 2521 763 2608 .Recordatione
787 2543 923 2606 tamen
941 2523 1028 2607 srm-

96 2647 192 2760 plici
218 2675 348 2733 rerum
380 2647 641 2761 sonorumque
668 2646 905 2758 singulorum
934 2674 1029 2750 prae-

92 2776 225 2886 pollet
243 2817 255 2875 ς
275 2804 362 2888 quae
383 2777 562 2861 nondum
582 2797 665 2860 tam
686 2774 778 2876 fida,
797 2771 915 2886 qudm
932 2802 1027 2859 mox

93 2901 314 3013 insequenti
345 2921 538 3014 tempore.
607 2899 753 2988 Verum
785 2902 895 3012 plura
928 2927 1026 2990 nova

96 3057 190 3113 cum
212 3023 419 3136 voluptate
438 3026 561 3109 indies
580 3031 792 3136 experitur,
818 3054 862 3110 ac
888 3024 1025 3109 latitia

96 3149 221 3263 prope
252 3147 455 3260 perpetui,
487 3148 610 3234 modo
643 3148 737 3233 adsrt
763 3148 909 3252 sanitas,
935 3147 1029 3231 frui-

95 3299 174 3362 tur.

155 3520 313 3606 Deinde
352 3517 514 3635 quando
556 3517 605 3602 ad
642 3516 923 3603 conficiendum
960 3522 1031 3606 ali·
1050 3553 1176 3618 annas.

96 3648 235 3731 menta
266 3644 482 3730 valentiora
507 3662 595 3726 aetas
615 3643 741 3727 adhuc
760 3643 906 3729 firmior
927 3675 1032 3731 com-

99 3764 238 3880 parata
266 3767 398 3885 suerit,
424 3764 560 3882 scopus
587 3767 635 3850 ad
664 3795 785 3880 quem
814 3768 1031 3879 diriguntur
1062 3866 1072 3884 ὗ

421 3904 423 3915 ’
895 3889 1033 3998 uolup-
