2498 4358
126 193 198 296 66
340 131 347 143 ⁵
442 195 522 302 De
546 189 796 310 Medicina
820 201 1020 309 Mentis.

186 371 194 394 Χ
270 386 410 492 pariter
450 401 570 492 atque
614 383 742 485 illam,
786 385 888 495 qud,
909 387 1051 473 deferri
1089 388 1207 481 solet.

270 514 413 606 Qualia
446 512 609 623 quidem
636 510 863 596 'Arthriticis
896 518 1031 599 itinera
1060 540 1208 606 notan·

268 659 347 739 tur,
373 667 442 749 per
465 665 552 749 quac
581 638 629 722 ab
656 639 826 720 articulis
845 636 944 722 hisce
965 644 1002 726 in
1023 643 1112 729 ilios
1133 645 1207 732 dis-

272 770 403 868 currit,
430 766 717 879 revertiturque
735 764 784 847 ad
803 763 961 849 eosdem
983 769 1112 855 dolor.

94 1036 249 1124 notarim
326 1013 553 1124 Priusquam
583 1010 678 1096 veri>
696 1016 799 1097 varia
820 1012 964 1097 doloris
983 1002 1127 1124 genera
1147 1045 1206 1102 re·

94 1132 241 1228 ''¹¹¹‘'st
272 1135 510 1240 censeantur,
550 1135 750 1221 observare
787 1165 864 1221 non
905 1139 1076 1224 alienum
1117 1146 1206 1244 erit,

95 1216 251 1274 ravanam·
271 1260 408 1345 eadem
448 1262 588 1346 itidem
632 1261 778 1346 diversa
820 1256 894 1344 esse
941 1289 1013 1371 pro
1050 1263 1205 1377 fingulis

272 1390 425 1475 sedibus
442 1433 454 1491 ς
481 1390 599 1501 quale
617 1391 671 1472 est
688 1392 1003 1502 parturientium,
1024 1419 1069 1475 ac
1090 1393 1220 1477 stram·

272 1511 382 1626 guriai
402 1513 660 1599 laborantium
670 1554 684 1613 ,-
706 1517 767 1598 uti
786 1522 826 1600 &
845 1515 1087 1625 reliquorum
1105 1519 1202 1620 ejus·

273 1638 397 1742 modi,
425 1638 474 1719 de
503 1637 648 1750 quibus
672 1634 784 1747 suprai
810 1642 961 1722 mentio
984 1633 1085 1725 fana
1114 1638 1204 1742 suit,

274 1765 374 1850 dum
394 1763 444 1845 de
463 1760 552 1846 sede
570 1761 770 1872 agebatur.

95 2046 253 2122 managa.
326 2008 630 2095 Deveniendum
669 2009 756 2092 hinc
793 2011 842 2095 ad
875 2010 1021 2094 doloris
1054 2038 1205 2122 genus3

93 2146 158 2189 ¹⁸⁸⁸·
271 2132 463 2248 siquidem
484 2135 581 2217 alius
600 2136 861 2237 continuatur,
873 2135 998 2248 qualis
1015 2163 1150 2248 neque
1168 2135 1205 2220 se

273 2265 434 2344 omnino
466 2263 672 2358 remittit,
716 2263 813 2344 alius
846 2264 1075 2346 intermittit
1101 2295 1111 2343 ε
1141 2267 1205 2350 De

271 2413 356 2497 quo
376 2383 499 2470 rursus
518 2387 813 2498 dispiciendum,
839 2415 886 2470 an
907 2387 1013 2472 brevi
1031 2406 1204 2475 recurrat

272 2518 411 2604 ictibus
434 2516 558 2601 veluti
586 2518 793 2626 repentinis
811 2515 1014 2600 verberans
1032 2512 1206 2626 puls'ans-

274 2679 343 2752 ve,
385 2679 430 2731 an
464 2676 532 2758 per
567 2648 752 2730 circuitus
783 2644 889 2754 quasi
919 2644 1204 2755 praestituto&

274 2779 511 2885 praecognito
552 2768 735 2854 revisendi
768 2790 977 2879 tempore:
1008 2775 1208 2883 Denique,

275 2896 410 2980 utrum
439 2921 601 3001 corpore
628 2890 852 3001 quiescente
871 2920 948 2977 non
969 2890 1125 2998 afficiat,
1152 2914 1207 2994 at,

277 3027 375 3111 dum
398 3039 593 3121 movetur,
614 3039 763 3128 urgeat.

100 3321 249 3385 ,mmm
333 3283 522 3360 Praeterea
536 3291 669 3357 autem
690 3270 837 3354 doloris
856 3296 979 3378 genus
998 3293 1139 3355 notare
1155 3273 1205 3356 ess

96 3405 225 3480 fimi*
277 3400 491 3486 secundnm
527 3395 717 3480 sentiendi
756 3394 935 3494 modum,
969 3393 1098 3479 veluti
1134 3395 1207 3496 hic,

102 3489 215 3548 modum.

278 3529 349 3634 qui
361 3551 522 3633 regrum,
549 3517 653 3632 quafi
672 3542 785 3626 grave
803 3516 951 3626 aliquid
970 3515 1204 3614 sustineatur,

281 3652 449 3759 premir;
477 3647 540 3730 vel
567 3644 646 3740 ille,
673 3647 743 3752 qui
769 3642 928 3750 perinde
956 3641 1079 3743 laedit,
1104 3637 1206 3724 acsa-

281 3764 368 3870 quis
398 3753 538 3841 obtusi
568 3762 608 3839 δι
634 3750 732 3837 durai
749 3751 920 3864 quadam
939 3754 1108 3838 materia
1126 3777 1205 3863 pet·

1089 3870 1203 3959 cussus
