<?xml version="1.0" encoding="UTF-8"?>
<!DOCTYPE html PUBLIC "-//W3C//DTD XHTML 1.0 Transitional//EN"
    "http://www.w3.org/TR/xhtml1/DTD/xhtml1-transitional.dtd">
<html xmlns="http://www.w3.org/1999/xhtml" xml:lang="en" lang="en">
 <head>
  <title>
</title>
<meta http-equiv="Content-Type" content="text/html;charset=utf-8" />
  <meta name='ocr-system' content='tesseract 3.04.00' />
  <meta name='ocr-capabilities' content='ocr_page ocr_carea ocr_par ocr_line ocrx_word'/>
</head>
<body>
  <div class='ocr_page' id='page_1' title='image "./robertiwelstedd00welsgoog_0347.png"; bbox 0 0 2498 4358; ppageno 0'>
   <div class='ocr_carea' id='block_1_1' title="bbox 77 230 1162 4016">
    <p class='ocr_par' dir='ltr' id='par_1_1' title="bbox 77 230 1162 3898">
     <span class='ocr_line' id='line_1_1' title="bbox 255 230 1162 378; baseline -0.011 -30"><span class='ocrx_word' id='word_1_1' title='bbox 255 241 334 349; x_wconf 78' lang='lat' dir='ltr'>Di</span> <span class='ocrx_word' id='word_1_2' title='bbox 360 233 609 355; x_wconf 75' lang='lat' dir='ltr'><em>Medicina</em></span> <span class='ocrx_word' id='word_1_3' title='bbox 627 231 842 342; x_wconf 72' lang='lat' dir='ltr'>&#39;Mentis</span> <span class='ocrx_word' id='word_1_4' title='bbox 1059 230 1162 378; x_wconf 60' lang='lat'>30?</span> 
     </span>
     <span class='ocr_line' id='line_1_2' title="bbox 85 424 1122 522; baseline -0.014 0"><span class='ocrx_word' id='word_1_5' title='bbox 85 429 297 522; x_wconf 72' lang='lat' dir='ltr'>‘transverse</span> <span class='ocrx_word' id='word_1_6' title='bbox 317 427 505 514; x_wconf 77' lang='lat' dir='ltr'>cuniculis</span> <span class='ocrx_word' id='word_1_7' title='bbox 534 425 699 511; x_wconf 90' lang='lat' dir='ltr'>bostium</span> <span class='ocrx_word' id='word_1_8' title='bbox 728 424 928 511; x_wconf 90' lang='lat' dir='ltr'>cuniculos</span> <span class='ocrx_word' id='word_1_9' title='bbox 955 453 1025 509; x_wconf 82' lang='lat' dir='ltr'>ex·</span> <span class='ocrx_word' id='word_1_10' title='bbox 1117 432 1122 441; x_wconf 85' lang='grc'><em>“</em></span> 
     </span>
     <span class='ocr_line' id='line_1_3' title="bbox 83 548 1023 670; baseline -0.011 -29"><span class='ocrx_word' id='word_1_11' title='bbox 83 558 246 670; x_wconf 77' lang='lat' dir='ltr'>eipiunt.</span> <span class='ocrx_word' id='word_1_12' title='bbox 288 554 402 669; x_wconf 79' lang='lat' dir='ltr'>Idem-</span> <span class='ocrx_word' id='word_1_13' title='bbox 420 550 540 662; x_wconf 75' lang='lat' dir='ltr'>prope</span> <span class='ocrx_word' id='word_1_14' title='bbox 558 548 719 633; x_wconf 83' lang='lat' dir='ltr'>solertiae</span> <span class='ocrx_word' id='word_1_15' title='bbox 734 549 887 650; x_wconf 85' lang='lat' dir='ltr'>accidit,</span> <span class='ocrx_word' id='word_1_16' title='bbox 901 577 1023 659; x_wconf 86' lang='lat' dir='ltr'>quam</span> 
     </span>
     <span class='ocr_line' id='line_1_4' title="bbox 83 672 1024 767; baseline -0.013 0"><span class='ocrx_word' id='word_1_17' title='bbox 83 679 244 767; x_wconf 88' lang='lat' dir='ltr'>subinde</span> <span class='ocrx_word' id='word_1_18' title='bbox 267 681 414 762; x_wconf 84' lang='lat' dir='ltr'>irritam</span> <span class='ocrx_word' id='word_1_19' title='bbox 434 672 595 758; x_wconf 82' lang='lat' dir='ltr'>reddere</span> <span class='ocrx_word' id='word_1_20' title='bbox 630 672 802 755; x_wconf 88' lang='lat' dir='ltr'>alienum</span> <span class='ocrx_word' id='word_1_21' title='bbox 823 672 1024 758; x_wconf 83' lang='lat' dir='ltr'>confilium</span> 
     </span>
     <span class='ocr_line' id='line_1_5' title="bbox 83 793 1103 917; baseline -0.008 -29"><span class='ocrx_word' id='word_1_22' title='bbox 83 824 260 917; x_wconf 81' lang='lat' dir='ltr'>oportet,</span> <span class='ocrx_word' id='word_1_23' title='bbox 285 820 499 912; x_wconf 81' lang='lat' dir='ltr'>antequam</span> <span class='ocrx_word' id='word_1_24' title='bbox 535 793 600 880; x_wconf 87' lang='lat' dir='ltr'>fibi</span> <span class='ocrx_word' id='word_1_25' title='bbox 633 797 848 904; x_wconf 85' lang='lat' dir='ltr'>cogitatum</span> <span class='ocrx_word' id='word_1_26' title='bbox 880 803 1023 908; x_wconf 84' lang='lat' dir='ltr'>exequi</span> <span class='ocrx_word' id='word_1_27' title='bbox 1099 842 1103 853; x_wconf 92' lang='lat'><em>·</em></span> 
     </span>
     <span class='ocr_line' id='line_1_6' title="bbox 83 915 1022 1046; baseline -0.016 -27"><span class='ocrx_word' id='word_1_28' title='bbox 83 950 220 1046; x_wconf 83' lang='lat' dir='ltr'><strong>queat.</strong></span> <span class='ocrx_word' id='word_1_29' title='bbox 275 930 487 1012; x_wconf 89' lang='lat' dir='ltr'>Enimvero</span> <span class='ocrx_word' id='word_1_30' title='bbox 532 915 595 1002; x_wconf 88' lang='lat' dir='ltr'>blc</span> <span class='ocrx_word' id='word_1_31' title='bbox 627 947 869 1032; x_wconf 82' lang='lat' dir='ltr'>magnopere</span> <span class='ocrx_word' id='word_1_32' title='bbox 915 928 1022 1005; x_wconf 89' lang='lat' dir='ltr'>anni-</span> 
     </span>
     <span class='ocr_line' id='line_1_7' title="bbox 81 1046 1021 1154; baseline -0.007 -13"><span class='ocrx_word' id='word_1_33' title='bbox 81 1056 249 1141; x_wconf 81' lang='lat' dir='ltr'>&#39;tendum&#39;</span> <span class='ocrx_word' id='word_1_34' title='bbox 273 1051 442 1152; x_wconf 75' lang='lat' dir='ltr'>videtur,</span> <span class='ocrx_word' id='word_1_35' title='bbox 468 1050 547 1131; x_wconf 85' lang='lat' dir='ltr'>tam</span> <span class='ocrx_word' id='word_1_36' title='bbox 579 1067 713 1154; x_wconf 90' lang='lat' dir='ltr'>aperta</span> <span class='ocrx_word' id='word_1_37' title='bbox 735 1046 867 1130; x_wconf 76' lang='lat' dir='ltr'>coram</span> <span class='ocrx_word' id='word_1_38' title='bbox 887 1052 1021 1135; x_wconf 87' lang='lat' dir='ltr'>omnia</span> 
     </span>
     <span class='ocr_line' id='line_1_8' title="bbox 82 1166 1024 1285; baseline -0.011 -22"><span class='ocrx_word' id='word_1_39' title='bbox 82 1178 237 1279; x_wconf 87' lang='lat' dir='ltr'>habere,</span> <span class='ocrx_word' id='word_1_40' title='bbox 262 1194 310 1260; x_wconf 87' lang='lat' dir='ltr'>ut</span> <span class='ocrx_word' id='word_1_41' title='bbox 343 1200 431 1285; x_wconf 86' lang='lat' dir='ltr'>quae</span> <span class='ocrx_word' id='word_1_42' title='bbox 458 1169 592 1253; x_wconf 91' lang='lat' dir='ltr'>abdita</span> <span class='ocrx_word' id='word_1_43' title='bbox 616 1166 702 1253; x_wconf 91' lang='lat' dir='ltr'>sunt</span> <span class='ocrx_word' id='word_1_44' title='bbox 724 1197 800 1254; x_wconf 90' lang='lat' dir='ltr'>non</span> <span class='ocrx_word' id='word_1_45' title='bbox 820 1169 924 1256; x_wconf 78' lang='lat' dir='ltr'>ultra</span> <span class='ocrx_word' id='word_1_46' title='bbox 940 1200 1024 1254; x_wconf 88' lang='lat' dir='ltr'>me-</span> 
     </span>
     <span class='ocr_line' id='line_1_9' title="bbox 82 1282 1025 1414; baseline -0.005 -28"><span class='ocrx_word' id='word_1_47' title='bbox 82 1315 194 1390; x_wconf 88' lang='lat' dir='ltr'>tuere</span> <span class='ocrx_word' id='word_1_48' title='bbox 214 1329 279 1414; x_wconf 89' lang='lat' dir='ltr'>par</span> <span class='ocrx_word' id='word_1_49' title='bbox 294 1299 352 1384; x_wconf 86' lang='lat' dir='ltr'>fit.</span> <span class='ocrx_word' id='word_1_50' title='bbox 406 1300 449 1380; x_wconf 91' lang='lat' dir='ltr'>In</span> <span class='ocrx_word' id='word_1_51' title='bbox 470 1282 574 1378; x_wconf 82' lang='lat' dir='ltr'>hunc&#39;</span> <span class='ocrx_word' id='word_1_52' title='bbox 598 1292 767 1376; x_wconf 90' lang='lat' dir='ltr'>modum</span> <span class='ocrx_word' id='word_1_53' title='bbox 798 1295 1025 1381; x_wconf 82' lang='lat' dir='ltr'>Palamedes</span> 
     </span>
     <span class='ocr_line' id='line_1_10' title="bbox 84 1415 1026 1541; baseline -0.017 -25"><span class='ocrx_word' id='word_1_54' title='bbox 84 1426 228 1540; x_wconf 87' lang='lat' dir='ltr'>Ulyssrs</span> <span class='ocrx_word' id='word_1_55' title='bbox 246 1425 418 1510; x_wconf 84' lang='lat' dir='ltr'>surorenr</span> <span class='ocrx_word' id='word_1_56' title='bbox 439 1416 689 1504; x_wconf 78' lang='lat' dir='ltr'>solummodo</span> <span class='ocrx_word' id='word_1_57' title='bbox 709 1415 842 1502; x_wconf 75' lang='lat' dir='ltr'>fidum</span> <span class='ocrx_word' id='word_1_58' title='bbox 862 1426 1003 1508; x_wconf 82' lang='lat' dir='ltr'>retexit</span> <span class='ocrx_word' id='word_1_59' title='bbox 1012 1450 1026 1541; x_wconf 46' lang='grc' dir='ltr'><em>ᾖ</em></span> 
     </span>
     <span class='ocr_line' id='line_1_11' title="bbox 84 1540 1023 1663; baseline -0.005 -26"><span class='ocrx_word' id='word_1_60' title='bbox 84 1555 194 1654; x_wconf 86' lang='lat' dir='ltr'>dum,</span> <span class='ocrx_word' id='word_1_61' title='bbox 222 1555 304 1663; x_wconf 81' lang='lat' dir='ltr'>qub</span> <span class='ocrx_word' id='word_1_62' title='bbox 331 1543 480 1656; x_wconf 75' lang='lat' dir='ltr'>gravius</span> <span class='ocrx_word' id='word_1_63' title='bbox 506 1540 666 1624; x_wconf 82' lang='lat' dir='ltr'>insanire</span> <span class='ocrx_word' id='word_1_64' title='bbox 698 1542 914 1649; x_wconf 83' lang='lat' dir='ltr'>videretur,</span> <span class='ocrx_word' id='word_1_65' title='bbox 939 1551 1023 1651; x_wconf 87' lang='lat' dir='ltr'>jun-</span> 
     </span>
     <span class='ocr_line' id='line_1_12' title="bbox 82 1666 1023 1778; baseline -0.004 -20"><span class='ocrx_word' id='word_1_66' title='bbox 82 1680 152 1778; x_wconf 75' lang='lat' dir='ltr'>ttis</span> <span class='ocrx_word' id='word_1_67' title='bbox 179 1671 334 1757; x_wconf 87' lang='lat' dir='ltr'>diversae</span> <span class='ocrx_word' id='word_1_68' title='bbox 354 1673 499 1755; x_wconf 82' lang='lat' dir='ltr'>naturae</span> <span class='ocrx_word' id='word_1_69' title='bbox 523 1666 752 1754; x_wconf 84' lang='lat' dir='ltr'>animalibus</span> <span class='ocrx_word' id='word_1_70' title='bbox 780 1666 898 1756; x_wconf 91' lang='lat' dir='ltr'>salem</span> <span class='ocrx_word' id='word_1_71' title='bbox 925 1671 1023 1756; x_wconf 90' lang='lat' dir='ltr'>sere-</span> 
     </span>
     <span class='ocr_line' id='line_1_13' title="bbox 82 1789 1022 1902; baseline -0.003 -21"><span class='ocrx_word' id='word_1_72' title='bbox 82 1797 164 1883; x_wconf 89' lang='lat' dir='ltr'>bat.</span> <span class='ocrx_word' id='word_1_73' title='bbox 219 1792 511 1881; x_wconf 82' lang='lat' dir='ltr'>Telemachum</span> <span class='ocrx_word' id='word_1_74' title='bbox 543 1793 691 1902; x_wconf 90' lang='lat' dir='ltr'>quippe</span> <span class='ocrx_word' id='word_1_75' title='bbox 718 1789 845 1876; x_wconf 85' lang='lat' dir='ltr'>filium</span> <span class='ocrx_word' id='word_1_76' title='bbox 865 1794 1022 1900; x_wconf 58' lang='lat' dir='ltr'>objecit5</span> 
     </span>
     <span class='ocr_line' id='line_1_14' title="bbox 82 1911 1022 2034; baseline -0.005 -26"><span class='ocrx_word' id='word_1_77' title='bbox 82 1945 166 2034; x_wconf 90' lang='lat' dir='ltr'>quo</span> <span class='ocrx_word' id='word_1_78' title='bbox 184 1916 264 2003; x_wconf 77' lang='lat' dir='ltr'>‘viso</span> <span class='ocrx_word' id='word_1_79' title='bbox 286 1911 444 2025; x_wconf 83' lang='lat' dir='ltr'>Ulyffes</span> <span class='ocrx_word' id='word_1_80' title='bbox 473 1932 629 1997; x_wconf 88' lang='lat' dir='ltr'>aratum</span> <span class='ocrx_word' id='word_1_81' title='bbox 658 1911 788 1998; x_wconf 81' lang='lat' dir='ltr'>subitd</span> <span class='ocrx_word' id='word_1_82' title='bbox 816 1915 1022 2028; x_wconf 90' lang='lat' dir='ltr'>suspendit,-</span> 
     </span>
     <span class='ocr_line' id='line_1_15' title="bbox 82 2034 1021 2156; baseline -0.003 -29"><span class='ocrx_word' id='word_1_83' title='bbox 82 2073 132 2127; x_wconf 91' lang='lat' dir='ltr'>ne</span> <span class='ocrx_word' id='word_1_84' title='bbox 153 2069 250 2125; x_wconf 89' lang='lat' dir='ltr'>eum</span> <span class='ocrx_word' id='word_1_85' title='bbox 270 2037 443 2139; x_wconf 85' lang='lat' dir='ltr'>laederet,</span> <span class='ocrx_word' id='word_1_86' title='bbox 468 2034 584 2147; x_wconf 69' lang='lat' dir='ltr'>seque</span> <span class='ocrx_word' id='word_1_87' title='bbox 614 2065 691 2121; x_wconf 92' lang='lat' dir='ltr'>non</span> <span class='ocrx_word' id='word_1_88' title='bbox 717 2037 906 2125; x_wconf 82' lang='lat' dir='ltr'>furiosum</span> <span class='ocrx_word' id='word_1_89' title='bbox 934 2039 1021 2156; x_wconf 76' lang='lat' dir='ltr'>esse,-</span> 
     </span>
     <span class='ocr_line' id='line_1_16' title="bbox 82 2160 1020 2278; baseline 0.001 -29"><span class='ocrx_word' id='word_1_90' title='bbox 82 2176 200 2278; x_wconf 81' lang='lat' dir='ltr'>&#39;prout</span> <span class='ocrx_word' id='word_1_91' title='bbox 216 2161 425 2262; x_wconf 76' lang='lat' dir='ltr'>fimttlalrat,</span> <span class='ocrx_word' id='word_1_92' title='bbox 452 2160 639 2270; x_wconf 86' lang='lat' dir='ltr'>prodidit.</span> <span class='ocrx_word' id='word_1_93' title='bbox 693 2168 788 2258; x_wconf 87' lang='lat' dir='ltr'>Quo</span> <span class='ocrx_word' id='word_1_94' title='bbox 812 2167 853 2247; x_wconf 90' lang='lat' dir='ltr'>in</span> <span class='ocrx_word' id='word_1_95' title='bbox 878 2192 1020 2276; x_wconf 82' lang='lat' dir='ltr'>genere</span> 
     </span>
     <span class='ocr_line' id='line_1_17' title="bbox 82 2285 1022 2403; baseline 0 -27"><span class='ocrx_word' id='word_1_96' title='bbox 82 2287 318 2403; x_wconf 86' lang='lat' dir='ltr'>periculum,</span> <span class='ocrx_word' id='word_1_97' title='bbox 346 2297 482 2371; x_wconf 87' lang='lat' dir='ltr'>contra</span> <span class='ocrx_word' id='word_1_98' title='bbox 513 2285 624 2395; x_wconf 90' lang='lat' dir='ltr'>quod</span> <span class='ocrx_word' id='word_1_99' title='bbox 654 2289 822 2373; x_wconf 75' lang='lat' dir='ltr'>maxime</span> <span class='ocrx_word' id='word_1_100' title='bbox 843 2295 1022 2400; x_wconf 80' lang='lat' dir='ltr'>munieri-</span> 
     </span>
     <span class='ocr_line' id='line_1_18' title="bbox 82 2410 1021 2527; baseline 0.003 -28"><span class='ocrx_word' id='word_1_101' title='bbox 82 2417 181 2503; x_wconf 89' lang='lat' dir='ltr'>dum</span> <span class='ocrx_word' id='word_1_102' title='bbox 223 2415 291 2515; x_wconf 86' lang='lat' dir='ltr'>est,</span> <span class='ocrx_word' id='word_1_103' title='bbox 331 2410 469 2497; x_wconf 85' lang='lat' dir='ltr'>exinde</span> <span class='ocrx_word' id='word_1_104' title='bbox 495 2412 693 2515; x_wconf 79' lang='lat' dir='ltr'>imminet,</span> <span class='ocrx_word' id='word_1_105' title='bbox 731 2415 840 2527; x_wconf 88' lang='lat' dir='ltr'>quod</span> <span class='ocrx_word' id='word_1_106' title='bbox 872 2416 1021 2513; x_wconf 85' lang='lat' dir='ltr'>etiamst</span> 
     </span>
     <span class='ocr_line' id='line_1_19' title="bbox 82 2532 1020 2640; baseline 0.003 -17"><span class='ocrx_word' id='word_1_107' title='bbox 82 2539 154 2623; x_wconf 89' lang='lat' dir='ltr'>boc</span> <span class='ocrx_word' id='word_1_108' title='bbox 184 2536 324 2640; x_wconf 71' lang='lat' dir='ltr'>confilii</span> <span class='ocrx_word' id='word_1_109' title='bbox 354 2538 507 2620; x_wconf 88' lang='lat' dir='ltr'>irritum</span> <span class='ocrx_word' id='word_1_110' title='bbox 529 2532 730 2640; x_wconf 80' lang='lat' dir='ltr'>reddatur,</span> <span class='ocrx_word' id='word_1_111' title='bbox 757 2539 865 2623; x_wconf 91' lang='lat' dir='ltr'>aliud</span> <span class='ocrx_word' id='word_1_112' title='bbox 886 2559 1020 2628; x_wconf 87' lang='lat' dir='ltr'>tamen</span> 
     </span>
     <span class='ocr_line' id='line_1_20' title="bbox 80 2654 1019 2779; baseline 0.001 -32"><span class='ocrx_word' id='word_1_113' title='bbox 80 2667 278 2773; x_wconf 84' lang='lat' dir='ltr'>integrum</span> <span class='ocrx_word' id='word_1_114' title='bbox 306 2686 464 2744; x_wconf 86' lang='lat' dir='ltr'>manere</span> <span class='ocrx_word' id='word_1_115' title='bbox 482 2654 605 2743; x_wconf 88' lang='lat' dir='ltr'>forsan</span> <span class='ocrx_word' id='word_1_116' title='bbox 628 2659 753 2772; x_wconf 83' lang='lat' dir='ltr'>possit.</span> <span class='ocrx_word' id='word_1_117' title='bbox 808 2663 946 2779; x_wconf 80' lang='lat' dir='ltr'>Atque</span> <span class='ocrx_word' id='word_1_118' title='bbox 965 2672 1019 2779; x_wconf 84' lang='lat' dir='ltr'>ita</span> 
     </span>
     <span class='ocr_line' id='line_1_21' title="bbox 81 2780 1021 2897; baseline -0.016 -27"><span class='ocrx_word' id='word_1_119' title='bbox 81 2786 261 2897; x_wconf 85' lang='lat' dir='ltr'>&#39;quamvis</span> <span class='ocrx_word' id='word_1_120' title='bbox 288 2780 514 2866; x_wconf 85' lang='lat' dir='ltr'>Palamedes</span> <span class='ocrx_word' id='word_1_121' title='bbox 550 2785 700 2868; x_wconf 81' lang='lat' dir='ltr'>teaum</span> <span class='ocrx_word' id='word_1_122' title='bbox 732 2785 876 2897; x_wconf 88' lang='lat' dir='ltr'>Ulylsrs</span> <span class='ocrx_word' id='word_1_123' title='bbox 904 2789 1021 2880; x_wconf 81' lang='lat' dir='ltr'>confi.</span> 
     </span>
     <span class='ocr_line' id='line_1_22' title="bbox 80 2901 1020 3028; baseline 0.007 -36"><span class='ocrx_word' id='word_1_124' title='bbox 80 2913 181 3028; x_wconf 86' lang='lat' dir='ltr'>lium</span> <span class='ocrx_word' id='word_1_125' title='bbox 203 2905 402 2992; x_wconf 82' lang='lat' dir='ltr'>frustratus</span> <span class='ocrx_word' id='word_1_126' title='bbox 433 2901 574 3010; x_wconf 80' lang='lat' dir='ltr'>fuisset,</span> <span class='ocrx_word' id='word_1_127' title='bbox 601 2917 640 2995; x_wconf 75' lang='grc' dir='ltr'>δι</span> <span class='ocrx_word' id='word_1_128' title='bbox 667 2907 717 2992; x_wconf 88' lang='lat' dir='ltr'>ad</span> <span class='ocrx_word' id='word_1_129' title='bbox 749 2908 899 2999; x_wconf 91' lang='lat' dir='ltr'>bellum</span> <span class='ocrx_word' id='word_1_130' title='bbox 915 2922 1020 3017; x_wconf 19' lang='lat' dir='ltr'>*coe-</span> 
     </span>
     <span class='ocr_line' id='line_1_23' title="bbox 82 3028 1019 3141; baseline 0.011 -28"><span class='ocrx_word' id='word_1_131' title='bbox 82 3028 206 3141; x_wconf 85' lang='lat' dir='ltr'>gisset,</span> <span class='ocrx_word' id='word_1_132' title='bbox 244 3033 281 3110; x_wconf 87' lang='lat' dir='ltr'>ei</span> <span class='ocrx_word' id='word_1_133' title='bbox 318 3049 450 3116; x_wconf 84' lang='lat' dir='ltr'>tamen</span> <span class='ocrx_word' id='word_1_134' title='bbox 490 3028 741 3129; x_wconf 77' lang='lat' dir='ltr'>solummodo</span> <span class='ocrx_word' id='word_1_135' title='bbox 768 3036 1019 3123; x_wconf 80' lang='lat' dir='ltr'>,occasionem</span> 
     </span>
     <span class='ocr_line' id='line_1_24' title="bbox 84 3152 1020 3269; baseline 0.01 -29"><span class='ocrx_word' id='word_1_136' title='bbox 84 3157 255 3267; x_wconf 82' lang='lat' dir='ltr'>praebuit,</span> <span class='ocrx_word' id='word_1_137' title='bbox 283 3157 373 3238; x_wconf 84' lang='lat' dir='ltr'>vitae</span> <span class='ocrx_word' id='word_1_138' title='bbox 394 3152 467 3238; x_wconf 87' lang='lat' dir='ltr'>suae</span> <span class='ocrx_word' id='word_1_139' title='bbox 500 3152 646 3237; x_wconf 84' lang='lat' dir='ltr'>infidias</span> <span class='ocrx_word' id='word_1_140' title='bbox 678 3156 806 3269; x_wconf 85' lang='lat' dir='ltr'>postea</span> <span class='ocrx_word' id='word_1_141' title='bbox 839 3161 1020 3267; x_wconf 69' lang='lat' dir='ltr'>struendi</span> 
     </span>
     <span class='ocr_line' id='line_1_25' title="bbox 77 3276 1019 3390; baseline -0.012 -21"><span class='ocrx_word' id='word_1_142' title='bbox 77 3284 172 3369; x_wconf 76' lang='lat' dir='ltr'>‚Nec</span> <span class='ocrx_word' id='word_1_143' title='bbox 188 3282 299 3386; x_wconf 82' lang='lat' dir='ltr'>hujus</span> <span class='ocrx_word' id='word_1_144' title='bbox 326 3278 492 3390; x_wconf 89' lang='lat' dir='ltr'>quidem</span> <span class='ocrx_word' id='word_1_145' title='bbox 523 3276 684 3368; x_wconf 78' lang='lat' dir='ltr'>solertia</span> <span class='ocrx_word' id='word_1_146' title='bbox 716 3311 828 3369; x_wconf 86' lang='lat' dir='ltr'>exors</span> <span class='ocrx_word' id='word_1_147' title='bbox 846 3289 900 3381; x_wconf 83' lang='lat' dir='ltr'>est</span> <span class='ocrx_word' id='word_1_148' title='bbox 928 3295 1019 3377; x_wconf 75' lang='lat' dir='ltr'>Me.</span> 
     </span>
     <span class='ocr_line' id='line_1_26' title="bbox 84 3404 1019 3519; baseline -0.005 -31"><span class='ocrx_word' id='word_1_149' title='bbox 84 3405 234 3501; x_wconf 77' lang='lat' dir='ltr'>dicina3</span> <span class='ocrx_word' id='word_1_150' title='bbox 262 3426 404 3517; x_wconf 88' lang='lat' dir='ltr'>utpote</span> <span class='ocrx_word' id='word_1_151' title='bbox 432 3431 519 3515; x_wconf 89' lang='lat' dir='ltr'>quae</span> <span class='ocrx_word' id='word_1_152' title='bbox 540 3404 766 3519; x_wconf 88' lang='lat' dir='ltr'>frequenter</span> <span class='ocrx_word' id='word_1_153' title='bbox 784 3427 935 3516; x_wconf 80' lang='lat' dir='ltr'>monet,</span> <span class='ocrx_word' id='word_1_154' title='bbox 962 3421 1019 3503; x_wconf 66' lang='lat' dir='ltr'>in.</span> 
     </span>
     <span class='ocr_line' id='line_1_27' title="bbox 83 3528 1021 3647; baseline 0.012 -36"><span class='ocrx_word' id='word_1_155' title='bbox 83 3547 147 3613; x_wconf 90' lang='lat' dir='ltr'>ter</span> <span class='ocrx_word' id='word_1_156' title='bbox 167 3528 431 3641; x_wconf 75' lang='lat' dir='ltr'>symptomata</span> <span class='ocrx_word' id='word_1_157' title='bbox 450 3551 573 3643; x_wconf 90' lang='lat' dir='ltr'>atque</span> <span class='ocrx_word' id='word_1_158' title='bbox 594 3533 751 3635; x_wconf 84' lang='lat' dir='ltr'>morbos</span> <span class='ocrx_word' id='word_1_159' title='bbox 775 3533 880 3647; x_wconf 84' lang='lat' dir='ltr'>ipsos</span> <span class='ocrx_word' id='word_1_160' title='bbox 912 3543 1021 3629; x_wconf 78' lang='lat' dir='ltr'>niul-</span> 
     </span>
     <span class='ocr_line' id='line_1_28' title="bbox 83 3654 1022 3766; baseline 0.006 -30"><span class='ocrx_word' id='word_1_161' title='bbox 83 3662 189 3755; x_wconf 84' lang='lat' dir='ltr'>turn,</span> <span class='ocrx_word' id='word_1_162' title='bbox 215 3654 323 3762; x_wconf 93' lang='lat' dir='ltr'>quod</span> <span class='ocrx_word' id='word_1_163' title='bbox 349 3655 400 3739; x_wconf 92' lang='lat' dir='ltr'>ad</span> <span class='ocrx_word' id='word_1_164' title='bbox 420 3660 654 3760; x_wconf 83' lang='lat' dir='ltr'>curationes,</span> <span class='ocrx_word' id='word_1_165' title='bbox 681 3659 853 3750; x_wconf 80' lang='lat' dir='ltr'>interesse</span> <span class='ocrx_word' id='word_1_166' title='bbox 867 3707 878 3766; x_wconf 81' lang='lat'>3</span> <span class='ocrx_word' id='word_1_167' title='bbox 906 3664 1022 3747; x_wconf 65' lang='lat' dir='ltr'>idea</span> 
     </span>
     <span class='ocr_line' id='line_1_29' title="bbox 84 3777 1019 3898; baseline 0.002 -35"><span class='ocrx_word' id='word_1_168' title='bbox 84 3804 164 3890; x_wconf 88' lang='lat' dir='ltr'>que</span> <span class='ocrx_word' id='word_1_169' title='bbox 187 3777 421 3886; x_wconf 81' lang='lat' dir='ltr'>carendum,</span> <span class='ocrx_word' id='word_1_170' title='bbox 446 3807 510 3880; x_wconf 85' lang='lat' dir='ltr'>ne,</span> <span class='ocrx_word' id='word_1_171' title='bbox 538 3780 636 3866; x_wconf 88' lang='lat' dir='ltr'>dum</span> <span class='ocrx_word' id='word_1_172' title='bbox 655 3780 930 3898; x_wconf 82' lang='lat' dir='ltr'>symptomatis</span> <span class='ocrx_word' id='word_1_173' title='bbox 947 3785 1019 3866; x_wconf 84' lang='lat' dir='ltr'>ali-</span> 
     </span>
    </p>

    <p class='ocr_par' dir='ltr' id='par_1_2' title="bbox 487 3910 1029 4016">
     <span class='ocr_line' id='line_1_30' title="bbox 487 3910 1029 4016; baseline 0 -22"><span class='ocrx_word' id='word_1_174' title='bbox 487 3910 579 4001; x_wconf 70' lang='lat' dir='ltr'>xz,</span> <span class='ocrx_word' id='word_1_175' title='bbox 912 3913 1029 4016; x_wconf 61' lang='lat' dir='ltr'>euius</span> 
     </span>
    </p>
   </div>
   <div class='ocr_carea' id='block_1_2' title="bbox 0 0 1254 4358">
    <p class='ocr_par' dir='ltr' id='par_1_3' title="bbox 0 0 1254 4358">
     <span class='ocr_line' id='line_1_31' title="bbox 0 0 1254 4358; baseline 0 0"><span class='ocrx_word' id='word_1_176' title='bbox 0 0 1254 4358; x_wconf 95' lang='lat' dir='ltr'> </span> 
     </span>
    </p>
   </div>
  </div>
 </body>
</html>
