2498 4358
266 217 343 326 Dc
370 212 627 324 Medicina
652 216 853 327 adeatis.
1056 237 1160 366 245

81 406 211 492 minos
227 445 239 506 ς
267 432 377 487 mens
393 409 513 487 etiarn
534 422 763 488 communes
789 405 874 490 rari)
893 423 1022 487 metas

80 529 266 614 excedere
289 528 529 630 observatur.
582 533 633 612 Et
653 547 858 640 propterea
886 548 1022 639 captus
1093 605 1109 622 „
1177 585 1189 611 t

81 653 289 738 hominum
320 655 490 763 vulgaris
522 654 659 736 mediae
695 653 744 734 ad
766 655 877 737 instat
903 655 1022 752 statu·
1132 688 1136 692 ·
1172 682 1191 720 ’τ

81 807 132 862 rae
164 773 349 888 assurgit3
392 787 432 863 &
467 775 567 880 sunt,
594 780 664 887 qui
699 775 796 862 insta
830 776 1021 890 supraque

83 903 181 988 hanc
202 902 453 989 altitudinem
477 905 541 988 ves
569 903 841 1015 deprimuntur
858 903 924 990 vel
942 904 1023 987 ese·

81 1050 237 1113 vantur.

138 1277 302 1362 Interim
341 1273 627 1386 comprehenso
670 1306 822 1381 eorum,
868 1281 935 1390 qui
968 1277 1019 1362 ad
1042 1297 1187 1384 Qtem

84 1401 285 1488 summum
324 1399 540 1483 evehuntur
576 1404 675 1485 inter
711 1401 884 1492 homines
922 1402 1022 1486 sasti-
1039 1387 1116 1445 ’Μ’

84 1528 209 1636 giunt,
238 1552 314 1609 non
329 1531 377 1609 eb
393 1523 516 1635 usque
536 1527 733 1634 pertingit,
760 1527 1021 1612 nifiomnium

85 1647 228 1734 affidud
248 1647 476 1731 facultatum
502 1650 646 1730 mentis
677 1655 965 1752 exercitatione,
977 1677 1021 1733 ac

85 1798 164 1855 non
186 1770 252 1853 nisi
282 1769 512 1854 educatione
542 1771 716 1855 accurati
733 1772 894 1879 primum
923 1772 1024 1858 fruaa

85 1915 164 1995 tur,
191 1891 397 2006 posteaque
417 1894 614 1980 laboribus
634 1902 827 2009 perpetuis
846 1899 1022 1984 firmetur

84 2040 204 2129 atque
232 2019 480 2128 adaugeatur,
507 2027 546 2105 &
574 2026 814 2132 optimorum
842 2019 1022 2137 frequen·

85 2159 146 2223 tet
176 2143 421 2250 ingeniorum
439 2140 540 2226 luna
560 2143 746 2245 versetur,
773 2143 892 2260 iisque
918 2148 1022 2260 qnasi

85 2261 239 2346 cotibus
254 2283 431 2373 peracuta
448 2263 645 2348 reddatur.
699 2273 907 2354 Enimvero
933 2271 1021 2382 plu-

85 2414 145 2469 res
166 2387 330 2497 primam
351 2384 455 2468 doni
474 2387 618 2471 itineris
632 2395 733 2474 viam
753 2401 851 2478 redte
866 2398 1022 2496 ineunt3

86 2532 127 2591 at
159 2507 434 2614 infortuniis-st
466 2537 542 2592 non
574 2518 860 2623 opprimuntur,
888 2539 1022 2600 tamen
1110 2526 1112 2530 '

88 2632 336 2732 divexentur,
363 2651 479 2739 atque
498 2660 634 2720 eorum
663 2641 763 2720 vires
789 2644 826 2722 in
847 2641 1023 2724 certami-

88 2753 200 2842 nibus
222 2754 311 2863 saepe
333 2785 424 2840 tum
444 2757 602 2843 rudibus
621 2784 699 2874 atq
695 2793 739 2844 te
757 2767 1021 2872 pervicacibus

85 2879 368 2966 aemulorum
357 2877 517 2992 tngenijs
550 2883 738 2996 dissipant,
778 2891 1021 3002 perdantque

86 3000 243 3092 subinde
285 3005 447 3114 grandes
486 3009 666 3093 melioris
696 3031 840 3098 naturae
877 3016 1020 3116 dotes3

85 3131 217 3216 uti&
252 3129 376 3237 patria
411 3123 580 3235 ipsorum
624 3129 823 3218 luminaria
860 3142 1022 3243 amittit,

86 3252 202 3365 longe
237 3250 392 3358 lat'eque
435 3251 561 3335 radios
600 3256 843 3358 ejaculantia
895 3265 1023 3361 Quin·

85 3375 252 3463 etiamst
273 3376 472 3461 Herculea
489 3374 661 3490 ebusque
683 3377 885 3493 suppetant
898 3388 1024 3499 dotet,

86 3518 135 3586 ut
154 3495 371 3639 superstites
394 3497 486 3583 fiant
504 3501 588 3612 post
613 3499 720 3587 hasce
749 3532 839 3595 cum
871 3457 1024 3602 robusss

87 3643 209 3735 atque
228 3621 410 3732 imperiti
433 3643 502 3707 aut
522 3622 663 3711 hebete
690 3627 838 3780 sibique
857 3635 1022 3750 longum

88 3742 262 3853 mssa
252 3767 453 3856 tuveptute
462 3752 630 3971 ἕως,
657 3761 715 3849 tei
743 3789 832 3855 mox
859 3766 1024 3876 anguste
1155 3753 1156 3756 Ὺ

110 3947 130 3953 .,
549 3901 569 3990 3
915 3884 1025 3982 domi
