2498 4358
122 320 135 356 i
270 263 349 370 De
388 261 645 372 Medicina
669 267 869 378 Mentis.
1093 289 1156 405 17

84 474 248 564 gentem
289 462 510 568 pertineret.
566 463 654 540 Nec
691 455 776 539 sane
809 456 831 539 a
867 451 1015 540 Naturi

84 577 253 678 aberrat,
279 582 376 664 dum
397 583 618 688 longaevum
639 580 810 660 eundem
830 580 898 660 tali
914 597 1014 658 tem-

83 724 314 808 peramento
343 704 559 812 praeditum,
586 702 761 784 moribus
775 702 876 787 haud
895 704 1017 809 ingra-

84 827 152 923 tis,
178 826 355 910 dulcium
375 825 590 911 sermonum
607 830 747 935 pariter
759 846 879 938 atque
899 823 1017 906 consr-

84 945 229 1034 liorum
244 951 405 1035 utilium
420 970 599 1036 autorem
615 951 797 1032 celebrat.
876 944 878 949 ’

143 1201 290 1285 Semita
322 1199 434 1304 verri,
461 1230 548 1313 quae
581 1229 648 1311 per
668 1206 785 1286 animi
811 1194 1189 1354 perturb³·f{'j'2'j‚',‘l'‘

84 1322 214 1406 tiones
241 1326 288 1407 ad
318 1328 628 1435 tranquilliorem
650 1329 793 1408 mentis
823 1327 1013 1409 conditio·
1028 1294 1088 1418 al.

86 1475 178 1531 nem
209 1450 333 1552 ducit,
361 1457 484 1560 magis
517 1450 681 1564 quidem
711 1454 868 1535 videtur
902 1456 1017 1550 trita3

86 1571 168 1687 qua
188 1593 322 1656 tamen
343 1604 420 1658 non
438 1575 512 1657 line
533 1577 915 1684 vitloriaereportatae
935 1574 1016 1656 lau-

87 1699 139 1779 de
167 1696 357 1780 transitur.
410 1699 599 1781 Praeclarae
626 1701 768 1808 quippe
798 1700 936 1778 mentis
963 1700 1016 1778 est

86 1840 235 1903 naturae
271 1823 467 1933 inaequalis
501 1822 790 1930 propenfionem
827 1819 1017 1930 superare,

85 1946 334 2059 eandemque
362 1953 524 2058 imperio
545 1976 677 2057 regere
696 1945 872 2055 potuisse.
927 1954 1016 2034 Nec

86 2071 212 2156 mimis
234 2071 339 2155 certe
373 2075 513 2153 mentis
533 2074 648 2155 robur
675 2073 821 2154 indicat
842 2076 1017 2184 negotio·

81 2197 172 2297 *sam
187 2195 380 2306 perpetuo
395 2199 582 2278 actionem
597 2195 772 2279 sustinere
794 2195 908 2303 polle,
923 2191 1015 2307 prae‘-

85 2317 200 2428 cipue
232 2319 257 2402 fi
289 2347 361 2401 nec
393 2323 493 2404 acies
525 2323 690 2425 ejnldem
726 2323 864 2404 exinde
884 2319 1015 2405 retusa

78 2440 223 2528 fuerit.

144 2696 410 2777 Veruntamen
432 2693 581 2774 indoles
602 2720 647 2773 ea
674 2692 821 2772 mentis
850 2690 1018 2802 prestan—
1039 2691 1141 2757 lull&

79 2819 165 2899 tior
184 2816 348 2912 videtur,
376 2819 502 2924 qualis
517 2813 680 2899 secundi
691 2818 832 2923 jugiter
851 2810 1014 2900 ufir-fuit
1032 2786 1154 2919 35*me

85 2933 261 3037 fortuni,
289 2964 416 3047 neque
456 2940 595 3020 eidem
634 2945 833 3048 corrumpi
874 2941 1018 3046 potuit.

86 3063 333 3147 Periclitatur
347 3063 577 3172 nempeipla
600 3061 766 3171 gravius,
791 3091 877 3172 quae
891 3061 912 3145 a
927 3093 1021 3172 pue-

86 3184 177 3269 ritiai
205 3187 319 3272 rebus
350 3187 548 3298 prospero,
573 3188 787 3296 iisdemque
807 3216 893 3296 quae
914 3187 1020 3270 hasce

88 3312 331 3394 comitantur
352 3311 551 3414 blanditiis
579 3315 761 3393 innutrita
781 3307 872 3411 fuit,
899 3307 1021 3420 qnam

88 3462 178 3546 quae
208 3434 381 3524 adversis¹
404 3445 537 3543 pertus
558 3434 713 3521 fortiter
741 3465 938 3546 opponere
968 3437 1023 3520 al·

89 3558 228 3642 suevit·
981 3573 986 3584 '

322 3874 380 3899 ,.
461 3808 547 3933 Ι,Ο
728 3822 796 3859 ·‘
906 3802 1026 3899 Quod
