2498 4358
259 275 345 400 De
370 271 624 390 Medicina
646 273 846 389 Mentis.
1052 290 1151 405 125

44 508 46 510 ψ
79 473 403 556 contemnuntur,
435 451 584 538 scilicet
615 453 680 538 vel
709 452 784 540 usu
803 451 1019 539 eorundem

79 580 280 691 imperito,
306 604 351 660 ac
377 604 456 661 non
487 576 563 660 rit&
586 576 801 664 excolendo
830 594 900 662 aut
934 598 1022 688 pro·

80 705 203 814 priam
233 699 336 811 'ipfis
370 697 602 812 dignitatem
643 700 921 801 conciliando;
956 701 1021 787 vei

83 828 206 909 etiam
226 850 276 907 eo
296 822 408 934 quod
430 842 587 910 tantum
624 822 795 926 valeant,
828 822 1022 920 invidiam

83 947 190 1060 apud
234 947 337 1052 istos,
373 949 443 1059 qui
476 944 705 1052 desiderant,
725 949 918 1059 :.pariunt;
946 940 1017 1062 qui

87 1077 192 1177 dein,
231 1072 419 1186 quicquid
444 1100 503 1160 aas
537 1069 828 1187 diligendique?
853 1065 1018 1161 efficere

84 1196 254 1312 podium,
278 1196 421 1284 eodem
440 1197 602 1282 omnino
621 1215 864 1300 utuntunot
890 1203 1023 1284 mino·

86 1329 136 1410 ris
156 1324 409 1424 aestimentur,
421 1321 543 1434 r'rtque
563 1343 709 1408 naturae
723 1323 878 1435 largitio
896 1319 1031 1410 frunto

89 1440 243 1548 careat3
260 1473 346 1558 quae
359 1440 494 1529 tamen
514 1443 631 1528 dotes
646 1472 767 1530 omne
777 1449 942 1558 pretium
962 1475 1028 1538 exe
1057 1534 1060 1539 .

94 1571 234 1656 cedere
253 1570 372 1683 aequis
386 1565 687 1654 aestimatoribus¹
700 1560 822 1653 videri
839 1566 1010 1690 poliunt.

149 1824 426 1907 Veruntamen
456 1819 560 1929 larga
593 1844 717 1933 opum
735 1824 924 1906 memoria
943 1836 1028 1904 tan·
1042 1858 1160 1947 ΑΜ,
1203 1882 1207 1889 .

93 1961 187 2029 tum
225 1944 389 2053 requirit
422 1944 602 2046 cultura,
645 1939 909 2036 attentionem
944 1965 1028 2029 tam
1042 1945 1169 2038 mon

92 2067 259 2154 stainam
294 2063 458 2180 tamque
489 2065 720 2180 exquisitam
761 2023 1198 2188 perspicacita·{⁰„'²i‚',⁸,⁰i2⁰.⁷-

95 2208 197 2295 tem,
224 2192 334 2296 cujus
351 2218 428 2302 ope
447 2218 516 2274 ren
532 2192 647 2275 nauci
680 2215 725 2273 ac
745 2185 944 2276 sordentes
973 2206 1089 2275 re-aa·

96 2313 360 2400 dundantitsve
405 2316 561 2423 penitus
621 2333 894 2424 expungantur
919 2357 931 2416 ς
962 2334 1033 2402 ot

94 2439 219 2524 talem
243 2441 315 2522 vix
362 2457 447 2522 tam
476 2434 597 2548 probe
642 2436 872 2522 custoditam
911 2460 1034 2554 atque

95 2581 177 2647 tam
209 2560 372 2673 pulchre*
401 2558 689 2672 commodeque
720 2557 942 2647 ordinatam
979 2569 1040 2652 in«

99 2690 240 2792 venias,
261 2685 382 2809 quim
413 2715 501 2803 quae
523 2686 688 2798 angustis
715 2683 1036 2777 finibus'conten·

101 2833 144 2904 tn
185 2817 279 2901 est:
336 2817 422 2903 Ubi
453 2812 599 2900 scilicet
643 2842 782 2926 pauca,
826 2816 907 2929 quai
938 2819 1038 2905 licet

103 2964 186 3030 arte
216 2940 353 3055 quove
390 2944 530 3052 ingenii
579 2939 721 3056 studio,
764 2940 1040 3055 disponuntur,

101 3085 302 3168 emantur,
328 3069 368 3149 δε
388 3066 439 3147 ad
465 3091 584 3148 omne
615 3090 714 3173 opus
740 3087 1039 3178 comparantur,

104 3189 371 3305 quodcunque
390 3184 412 3268 i
434 3186 710 3301 recordatione
724 3185 861 3298 sperari
897 3190 1038 3298 potest.

107 3319 150 3402 In
170 3315 281 3401 'hunc
312 3312 481 3400 modom
501 3311 708 3398 sententias
726 3343 802 3399 non
821 3317 875 3396 ita
893 3309 1040 3399 multas

104 3439 152 3526 ad
168 3464 351 3524 normam
366 3433 490 3522 sensds
510 3442 730 3522 communis
745 3435 1041 3550 prudentiaeque

108 3561 296 3676 prolatae,
324 3561 446 3673 probe
485 3560 696 3646 intellectas
726 3579 846 3674 atque
882 3562 922 3644 in
954 3581 1042 3647 me·

108 3683 236 3775 moria
258 3680 482 3796 repositae
505 3681 699 3797 plerisque
731 3682 781 3773 ad
812 3677 1042 3806 fruetussei-

471 3873 473 3876 ,
511 3830 514 3835 ·
908 3810 1040 3874 ÷entrae
