2498 4358
306 214 392 321 Dc⁴
417 202 666 341 Medicina
699 208 887 330 Mentis

131 421 230 505 tant,
255 420 302 487 ut
321 399 380 483 viai
414 397 495 510 ipfis
525 394 718 480 notissimas
753 399 801 480 ad
834 396 974 481 eadem
1006 423 1069 480 ac·

132 529 287 632 cedant,
314 530 350 609 in
370 525 446 638 qud
477 528 661 608 nimirum
677 550 745 606 eos
772 526 928 611 nullum
961 522 1065 607 adire

1045 168 1046 172 ψ
1105 231 1210 399 302

129 655 347 762 periculum
386 646 551 733 abunde
593 649 818 734 constiterit.
874 641 1069 762 Sagacitas‘,
1170 754 1174 769 ρ

130 781 252 879 eninr,
279 807 377 890 quae,
404 775 468 859 nifi
495 780 632 859 natura
665 799 796 888 neget,
821 775 927 886 largi
947 803 1065 886 expe,

130 900 265 985 rientiai
307 905 533 1013 adaugetur,
588 899 803 1012 crescitque
841 922 962 1010 prout
1006 927 1067 982 res
1165 933 1167 937 ⁷

129 1020 211 1134 ipsae
235 1027 413 1138 quotidie
433 1024 611 1108 exhibitae
644 1043 763 1138 atque
794 1023 928 1109 cotim
957 1051 1066 1133 aper·

129 1169 179 1231 tae
201 1149 323 1234 semet
339 1151 447 1263 signis
463 1147 676 1233 manifestas
694 1151 853 1252 faciunt,
868 1149 915 1233 ad
929 1152 1065 1256 justam

129 1278 396 1360 maturitatem
431 1271 508 1358 und
544 1301 636 1356 cum
657 1270 813 1355 solertis
846 1272 1065 1386 consurgit;

129 1429 173 1485 ac
193 1401 281 1484 dein
299 1399 368 1483 sub
388 1393 556 1506 auspicijs
586 1396 692 1479 illius
720 1395 798 1480 haec
825 1395 903 1508 ipsa
934 1401 972 1481 in
996 1428 1065 1510 po·

128 1528 269 1610 slerunr
310 1525 471 1620 militat,
511 1518 682 1630 nihilque
720 1518 853 1628 injussu
891 1525 1063 1631 ejusdem

128 1653 262 1736 audet.
317 1644 489 1755 Suspicio
504 1651 649 1759 quippe
664 1651 786 1759 magis
806 1646 968 1735 solertiae
985 1655 1062 1758 jam

126 1773 263 1862 seniori
297 1774 535 1874 dominatur,
576 1779 616 1856 δε
648 1798 734 1882 quae
766 1769 845 1874 sola
882 1776 1063 1885 periculis

126 1897 203 1982 sida
221 1893 307 1981 satis
336 1890 457 1997 ndrit,
484 1923 530 1978 ea
562 1892 688 1978 veluti
719 1893 858 1978 indicia
891 1904 1061 2009 reponit,
1127 1955 1130 1974 ,

126 2051 175 2108 ex
208 2021 347 2134 quibus
382 2013 513 2104 futura
548 2015 800 2104 innotescant.
855 2021 973 2107 Adeo
1010 2043 1058 2110 ut

127 2145 287 2231 solertiae
308 2145 458 2227 labores
485 2139 759 2253 suspicionibus
779 2145 972 2256 perpetuo
1002 2168 1060 2229 re·
1120 2208 1124 2218 .

127 2267 372 2360 currentibus
391 2266 442 2349 ad
464 2264 715 2375 sagacitatem
743 2269 968 2375 perducant,
994 2268 1061 2357 ea·

125 2421 203 2506 que
221 2411 327 2479 certa
346 2386 593 2501 suppeditent
608 2389 769 2491 indicia,
797 2391 903 2475 unde
919 2393 1058 2481 itidem

126 2515 232 2603 nulla
265 2513 330 2598 nist
363 2510 557 2622 sagacitati
584 2513 744 2624 probata
773 2513 932 2599 solertes
966 2517 1061 2600 ulti-

124 2637 236 2723 mum
270 2631 443 2722 assessore
471 2630 608 2721 solent.
663 2641 720 2720 Ex
739 2636 874 2721 ordine
893 2637 1059 2735 demum

124 2761 336 2848 earundem
357 2760 500 2843 dotum
520 2757 568 2843 fic
588 2755 852 2869 dispostarum
888 2760 1061 2847 melioris

122 2915 170 2970 ea
190 2908 333 2979 naturae
354 2882 429 2968 sors
449 2880 622 2986 nascitur,
650 2889 757 2990 cujus
774 2907 950 2997 expertes
967 2914 1058 2972 eva-

124 3007 200 3097 fisse
232 3009 433 3092 nredicinae
468 3007 720 3118 peritilsrnros,
749 3012 936 3123 ipfisrsque
962 3040 1057 3125 ope-

124 3164 213 3221 tum
247 3129 479 3217 felicissimos
517 3137 714 3217 memoriae
748 3135 902 3240 nullibi,
941 3133 1053 3248 quod

121 3253 253 3360 sciam,
279 3253 478 3364 proditum
496 3254 562 3349 est,
