2498 4358
245 187 324 299 De
352 187 603 320 Medicina
632 191 833 303 Mentis.
917 122 922 131 ι
1016 136 1017 139 ¹
1075 193 1153 322 65

45 467 50 479 ,
73 403 122 469 ut
139 384 327 498 fiquando
346 414 432 498 pars
450 386 564 470 nutui
584 383 729 466 mentis
747 398 814 463 aut
829 377 925 490 aegre
937 392 1006 460 aut

68 537 146 594 non
183 517 346 595 omnino
381 511 552 596 obediat.
621 513 710 593 Nec
742 505 917 614 profecto
961 531 1005 586 o-

67 637 265 720 mittenda
281 639 332 722 est
346 641 473 746 gravis
501 663 543 718 ac
559 655 748 744 perpetua
768 636 805 715 in
828 630 1005 742 soporem

67 760 307 868 proclivitas,
335 760 398 844 vel
431 759 454 845 ὲ
488 754 636 861 contri,
662 758 820 870 quando
853 758 893 837 in
904 759 1005 865 vigi-

67 885 127 986 lijs
166 885 427 995 pertinacibus
465 884 595 993 rigidae
629 904 698 968 aut
731 882 900 966 distentae
931 881 1004 965 srnt

64 1020 279 1082 nervorum
299 995 414 1080 fibrae.

123 1245 191 1333 Aa
221 1246 367 1330 calcem
401 1244 541 1330 borum
564 1240 868 1330 subnectendum
892 1264 1001 1329 men·
1021 1261 1147 1353 oeream

65 1375 119 1455 tis
151 1373 266 1486 ipfius
301 1373 350 1457 ab
380 1370 507 1458 officio
540 1374 797 1470 amotionem,
825 1400 912 1485 quae
932 1400 1002 1484 per
1022 1359 1128 1418 mm·

64 1498 382 1581 exacerbationes
414 1491 722 1613 remilsron'esque
750 1497 933 1581 dolorum
960 1500 1001 1580 in

65 1626 228 1735 propriis
257 1625 354 1708 locis
387 1625 587 1722 cernitur,
616 1649 701 1735 quae
731 1629 770 1708 δι
791 1621 1001 1734 aliquando

64 1751 120 1834 ed
138 1748 261 1863 usque
280 1748 446 1851 obtinet,
463 1767 512 1832 ut
529 1747 637 1832 nulla
656 1750 856 1860 integritas
872 1777 1003 1834 rever·

62 1893 185 1960 tatur.
241 1872 444 1963 Interdum
477 1874 597 1957 etiam
630 1871 679 1954 ad
709 1877 852 1962 mentis
872 1871 1004 1958 defec-

53 2021 154 2086 tum
183 1999 397 2087 deventum
431 2000 514 2098 est,
541 1997 667 2110 qualis
699 1996 746 2081 fit
777 2001 815 2081 in
848 2000 1001 2104 morosi,

61 2125 135 2210 ubi
166 2125 329 2211 facultas
366 2129 542 2238 princeps
573 2122 771 2207 interdum
805 2126 1001 2229 aboletur,

54 2268 134 2332 aut
159 2249 181 2333 ὲ
210 2249 343 2333 medio
377 2249 532 2333 tollitur
560 2243 642 2329 viti
668 2246 797 2331 adhuc
822 2247 1001 2333 durante.

60 2379 164 2474 Quae
198 2374 360 2488 quidem
395 2373 445 2460 ad
471 2369 585 2459 usum
621 2375 801 2482 partium,
838 2371 861 2456 ai
899 2401 999 2488 qua·
1118 2377 1119 2380 ‘

31 2528 155 2612 »rum
178 2502 406 2610 integritate
440 2497 588 2582 nobiles
621 2503 763 2583 mentis
782 2495 997 2586 functiones

58 2625 250 2736 pendent,
278 2624 476 2711 referenda
495 2621 710 2708 videantur.

113 2873 238 2961 Porro
283 2876 332 2960 ad
377 2871 509 2961 sedem
548 2870 755 2988 praesertin]
793 2881 994 2988 perfluet,
1019 2912 1176 2987 notarem-j
1218 2935 1222 2942 ,

54 2997 168 3113 qubd
213 2998 327 3082 dolor
369 2999 458 3085 huic
495 2996 670 3111 affigatur
707 2998 813 3105 loco,
859 3005 923 3087 vel
954 2998 1106 3097 infami

54 3126 134 3210 alia
167 3142 289 3233 atque
318 3127 397 3211 alia
427 3127 589 3238 digredi,
629 3124 838 3237 aliquando
871 3136 992 3218 etiam

51 3276 127 3361 per
161 3276 335 3333 errorem
364 3251 472 3365 quafi
491 3255 594 3338 viam
614 3255 834 3363 quaeritans,
863 3255 993 3340 videa-

51 3397 136 3462 tur.
206 3376 431 3464 Videndum
469 3382 590 3489 igitur
622 3405 670 3463 an
702 3382 887 3465 erraticus
922 3381 994 3468 do·

47 3504 117 3586 lor
144 3499 221 3587 huc
248 3505 344 3590 illuc
373 3506 589 3616 divagetur,
616 3504 717 3592 adeo
738 3528 870 3593 tamen
888 3535 936 3595 ut
954 3517 992 3598 in

53 3648 235 3713 veterem
273 3625 435 3715 subinde
453 3630 587 3717 locum
608 3650 786 3716 remeet:
818 3634 902 3722 Ubi
925 3637 994 3720 ad·

58 3776 212 3842 vertere
255 3756 310 3840 est
343 3757 485 3856 sedem,
530 3787 653 3872 quam
690 3788 791 3846 nunc
826 3760 997 3860 obtinet,

510 3886 538 3966 F
854 3887 996 3994 pariter
