2498 4358
303 222 384 331 De
409 221 665 333 Medicina
693 221 896 335 Mentis.
1094 252 1192 371 145

107 412 244 527 Atque
277 415 332 495 ita
368 411 526 498 humani
558 417 721 522 pectoris
762 409 917 499 affectus
949 417 1046 501 ima·

103 538 259 652 giuibus
284 536 462 622 i‘natural
492 537 678 623 transsatis
708 541 913 625 advivunt
948 541 1045 628 deli·

102 682 283 764 neautur,
333 682 522 773 tanquam
570 663 741 746 turbines
783 671 823 748 δι
861 664 1042 774 procellae

100 811 172 875 aut
203 789 312 870 leues
331 785 472 873 favonii
494 815 615 887 aurae3
648 809 835 902 tanquam
869 794 1042 874 tonitrua

91 909 352 1026 fulgurique,
392 918 433 996 δι
466 909 556 994 solis
591 912 706 995 aestivi
746 911 942 1011 ardentes,
977 913 1041 997 vel

97 1034 251 1150 placide
286 1033 527 1122 coruscantes
565 1040 674 1120 verui
708 1035 880 1143 ejusdem
922 1036 1039 1143 radij;

98 1181 289 1272 tauquam
323 1161 504 1244 nimirum
540 1161 669 1243 omnia
702 1181 859 1245 urentes
891 1178 1039 1244 torren-

98 1282 217 1386 t'elve,
258 1284 320 1366 vel
358 1283 483 1366 calore
520 1285 658 1393 geniali
691 1283 882 1386 foventes,
915 1304 1037 1396 atque

96 1411 140 1492 in
183 1407 398 1493 seminibus
451 1403 612 1519 ovisque
647 1408 794 1494 tenella
833 1410 1035 1494 recondita

95 1533 309 1620 elicientes.

153 1785 218 1868 Ut
265 1779 389 1865 Poefis
440 1782 612 1888 primurn
661 1783 700 1864 in
741 1781 941 1867 lubfidium
977 1779 1032 1863 fa·
1050 1820 1208 1906 pogstnju,

96 1902 255 1988 cultatis
292 1902 517 1988 recordandi
544 1909 778 2016 praecipuum
811 1904 886 1989 fuit
916 1930 1030 1988 exco·
1049 1915 1196 1999 quapra-

77 2026 235 2140 'girata
260 2026 309 2110 fic
341 2036 381 2112 &
420 2051 643 2112 memoratu
682 2028 894 2139 dignissima
921 2056 1028 2112 com·
1043 1998 1205 2143 {iiiiallm

97 2153 294 2262 plectitur.
360 2148 540 2234 Praeclari
602 2153 749 2263 quippe
784 2157 1030 2261 imaginati·
1077 2217 1078 2220 a

91 2278 179 2362 ouis
220 2271 340 2386 operi
373 2299 419 2357 ea
442 2275 636 2358 memoriae
670 2272 853 2386 ‚affigenda
883 2276 1028 2389 sapien·

91 2419 152 2484 tes
190 2395 387 2498 curarunt,
425 2425 513 2510 quae
548 2397 732 2482 aeternum
772 2405 899 2482 vivere
943 2403 1026 2510 ipsrs

91 2528 233 2610 mereri
264 2524 499 2608 uiderentur.
553 2528 691 2635 ltaque
726 2532 894 2609 carmina
934 2526 1025 2612 huic
1097 2634 1100 2640 ἱ

88 2651 269 2737 facultati
291 2645 377 2734 sunt
410 2651 519 2762 instar
549 2647 777 2733 horreorum
810 2650 884 2732 five
912 2677 1026 2760 gazo-

89 2776 374 2890 phylaciorum,
399 2775 504 2860 unde
525 2777 634 2884 copia
653 2776 920 2884 imaginationi
938 2775 1024 2889 sup·

87 2901 307 3014 peditatur‚·
342 2895 500 3009 ejusque·
528 2927 623 3009 opes
666 2921 908 3008 repetuntur.
963 2908 1025 2988 Si-

87 3024 253 3139 quidem
275 3021 398 3108 Poefis
429 3050 567 3107 onmes
597 3027 635 3106 iu
665 3022 702 3106 se
734 3028 1023 3137 imaginationis

84 3171 186 3234 artes
220 3145 299 3232 uni
342 3147 625 3258 complectitur,
668 3156 707 3233 δι
740 3179 825 3262 quae
857 3146 919 3231 hic
957 3152 1020 3234 vel

83 3275 166 3356 illic
185 3299 254 3383 per
282 3289 409 3379 partes
428 3267 555 3380 sparsae
577 3269 796 3379 fingulatim
820 3275 1021 3357 contineu-

81 3412 164 3494 tur,
204 3389 360 3475 easdem
393 3389 506 3477 srmul
540 3392 643 3503 apud
680 3399 819 3485 Polites
850 3399 1017 3502 reperire

76 3513 211 3597 licet:
250 3516 451 3602 Videlicet
486 3544 609 3602 unum
641 3520 704 3600 vel
733 3547 856 3629 pauca
877 3517 1016 3604 saltem

80 3635 201 3726 sidera
220 3638 579 3738 alibilullrareelh
627 3644 783 3735 Poetica
815 3641 907 3725 vero
932 3646 1017 3723 uui·
1222 3728 1224 3736 .

457 3853 461 3861 ,
589 3763 627 3853 L.
702 3786 705 3791 ’
753 3822 757 3831 ·
913 3767 1015 3853 versa
1118 3760 1119 3765 Ν
