2498 4358
119 282 221 377 222
429 246 510 369 De
531 255 788 370 Medicina
812 245 1013 374 Menlis.

244 448 398 536 foeder'e
419 479 511 537 cum
531 450 766 560 imaginandi
795 447 985 536 facultate
1013 470 1081 536 aut
1099 443 1187 530 ani*

246 582 305 660 mi
323 573 543 674 affedibus3
572 602 615 656 ac
651 574 741 659 dein
773 601 912 658 eorum
946 571 1064 684 operi
1095 569 1186 655 huic

239 703 392 794 ,mentis
423 696 602 782 facultati
632 699 812 808 imponit.
866 697 989 795 Quod
1018 693 1186 809 quidem

246 823 360 907 nullo
378 817 459 903 fere
478 822 641 929 negotio
663 816 722 919 fit,
748 816 774 901 fi
794 845 854 901 res
880 816 969 929 ipsae
997 815 1187 923 ejusmodi

245 944 348 1045 lunt,
374 944 425 1024 de
443 943 587 1053 quibus
605 944 643 1024 in
664 959 874 1053 utramque
889 962 1040 1052 partem
1059 939 1184 1050 vulgo

245 1067 451 1165 differimr,
488 1063 557 1147 ubi
589 1065 691 1146 ratio
724 1091 797 1147 nec
828 1091 963 1149 verum
1003 1092 1080 1147 nec
1114 1062 1186 1146 fal·

241 1192 328 1278 sum
354 1192 512 1274 evincit.
566 1185 641 1272 Hic
671 1189 793 1299 igitur
825 1218 919 1273 curae
951 1188 1026 1272 effe
1047 1189 1185 1291 debet,

241 1345 292 1405 ne
314 1315 409 1400 nihil
440 1311 612 1412 interfit3
657 1313 736 1412 vel,
763 1315 872 1425 quod
906 1314 1055 1398 eodem
1088 1317 1185 1397 reci·

242 1440 314 1540 dit,
339 1468 389 1522 ne
410 1465 522 1522 mens
554 1434 632 1546 ipla
662 1455 775 1522 antea
808 1440 847 1524 in
875 1457 1005 1548 partes
1039 1438 1184 1522 alienas

244 1563 429 1650 discedat.

76 1858 211 1926 mm,
298 1811 389 1908 Qui
417 1810 467 1894 de
486 1836 528 1892 re
559 1806 705 1909 evenit,
732 1827 779 1892 ut
808 1807 861 1891 ibi
881 1806 1053 1894 maximi
1091 1825 1182 1893 cum

75 1945 202 2042 aenan
244 1933 478 2018 certitudine
523 1931 773 2014 ratiocinandi
830 1931 995 2016 facultas
1041 1931 1180 2015 inferre

75 2020 213 2184 mm
243 2055 490 2154 concedatur,
516 2052 586 2136 ubi
613 2073 894 2163 argumentum
928 2054 1044 2165 plane
1068 2081 1179 2138 exors

241 2187 297 2270 est
313 2186 394 2289 ejus
412 2177 523 2294 quod
542 2177 744 2264 hominum
772 2179 931 2262 interfit.
988 2180 1033 2264 ld
1068 2181 1179 2291 quod

241 2315 282 2394 in
319 2304 707 2416 contemplationibus
747 2305 900 2405 accidit,
938 2303 1008 2389 ubi
1040 2333 1176 2389 verum

241 2453 399 2547 apparet
429 2428 637 2535 sejuneum
664 2429 713 2512 ab
739 2431 922 2513 utilitate.
975 2429 1181 2526 Quemad·

241 2559 409 2644 modum
428 2560 468 2641 in
496 2554 541 2638 ei
572 2553 783 2666 disciplini,
810 2583 900 2669 quae
919 2583 1175 2640 numerorum

241 2685 449 2796 potestates
483 2678 785 2789 contemplatur,
827 2707 871 2762 ac
899 2678 989 2762 dein
1022 2681 1177 2764 easdem

240 2807 340 2889 clare
361 2802 658 2887 demonstrando
684 2801 732 2886 ad
751 2807 908 2914 negotia
933 2803 1107 2906 adhibet,
1133 2803 1179 2884 li·
1219 2842 1221 2848 ·

242 2923 378 3037 t'esque
406 2923 508 3006 adeo
537 2923 715 3008 dirimere
734 2921 846 3035 supra
876 2928 1011 3012 omnia
1041 2949 1177 3013 catera

245 3047 351 3161 apud
371 3045 547 3131 homines
565 3047 685 3132 valet.

75 3343 225 3421 mm,
298 3299 421 3387 Porri>
453 3298 526 3384 hoc
545 3299 656 3412 quod
680 3293 847 3382 infertur
875 3300 937 3381 vel
956 3298 1004 3383 »in
1023 3303 1177 3386 univer·

75 3430 216 3485 ”erim
239 3422 324 3507 sum
344 3424 571 3528 judiciorum
604 3448 744 3532 genera
763 3425 877 3530 regit,
906 3421 971 3504 vel
1000 3451 1088 3506 rem
1110 3424 1178 3509 ali·

68 3508 219 3666 fimi„
240 3573 361 3657 quam
381 3544 630 3630 solummodo
648 3543 902 3655 lingularem3
922 3548 1039 3658 prius,
1053 3573 1177 3661 quau·

72 3671 120 3726 “¹³
240 3670 450 3779 docunque
472 3668 581 3754 certo
600 3668 650 3751 de
670 3687 760 3752 toto
775 3695 905 3749 rerum
925 3695 1070 3778 genere
1084 3697 1174 3754 cou-

239 3791 391 3890 stiterit,
423 3788 541 3900 longe
573 3785 868 3880 anteferendum
886 3790 940 3877 est
967 3792 1172 3905 posteriori,

1049 3913 1173 4030 quod,
