2498 4358
121 199 224 312 160
429 203 511 313 De
532 198 788 315 Medicina
812 210 1012 320 aientis.

243 386 272 472 fi
295 415 342 474 ex
361 387 492 502 inopii
507 391 669 503 deperdi
685 388 836 476 solent:
864 397 1068 495 Quoniam
1081 412 1185 481 tam·

245 511 317 595 etfi
366 511 458 600 usus
508 543 663 619 comm,
707 543 796 629 qua
830 521 981 603 animos
1019 517 1188 618 addunt,

246 635 349 721 hisce
382 641 489 749 aegris
516 639 713 751 proficuus
733 639 792 742 stt,
818 661 939 755 atque
965 643 1006 727 hi
1021 640 1071 726 ad
1084 641 1188 729 fidu-

249 764 350 844 ciam
377 760 573 872 gradatim
591 761 880 849 manuducendi
898 792 943 848 ac
961 763 1186 851 hortatibus

247 890 438 975 incitandi
469 889 554 992 (int,
579 910 640 992 ut,
667 890 799 1001 qualia
819 889 884 974 fibi
904 891 1025 978 ardua
1045 892 1186 982 viden·

246 1030 326 1113 tur,
353 1012 421 1124 ipfi
455 1032 625 1115 tentent,
650 1039 723 1095 nec
752 1034 958 1101 vereantur
994 1044 1047 1101 ne
1086 1019 1186 1105 vires

245 1134 447 1249 animique
476 1135 673 1235 deficiant,
699 1134 837 1238 modu,
862 1139 933 1250 qui
953 1133 1187 1250 suppetunt,

244 1287 401 1347 exerere
433 1266 639 1361 nitunrut3
670 1260 886 1347 cavendum
917 1262 1190 1371 nihilominus,

245 1417 297 1474 ne
326 1393 366 1472 in
399 1389 607 1474 contrarias
636 1405 766 1499 partes
785 1386 1035 1499 abripiuntur.
1092 1394 1197 1481 nte-2

245 1511 375 1598 mutii
391 1517 538 1627 quippe
557 1508 788 1614 tenendum,
815 1511 916 1605 hunc
935 1515 1196 1626 imaginatio-³

246 1644 307 1725 nis
338 1638 522 1729 morbum
554 1630 665 1718 facile*
691 1638 731 1719 in
764 1635 988 1747 praeditium
1011 1637 1194 1745 tranium?

244 1763 455 1877 praesertim
482 1765 524 1844 in
541 1760 686 1844 naturis
706 1787 795 1874 quae
815 1755 1016 1848 affectibus
1034 1766 1182 1849 nemeis

244 1887 421 1971 obnoxia
452 1883 563 1983 sunt;
591 1882 763 1996 idenque
780 1883 1007 1973 fortioribus
1022 1914 1194 2001 parcere·

244 2007 408 2092 stimulis
420 2005 574 2119 providi
593 2007 647 2088 est
666 2005 820 2110 confilij.

74 2322 205 2400 W„
301 2261 535 2358 Quinetiam
571 2254 619 2340 ad
653 2254 935 2365 imaginationis
975 2252 1192 2344 sanitatem

72 2425 106 2464 ac
116 2406 232 2476 taimen
246 2385 431 2471 tuendam
448 2382 600 2497 ejusque
613 2407 729 2490 opera
743 2379 972 2492 auspicatius
988 2410 1177 2496 peragen-

69 2484 186 2564 ΨΜ
245 2515 294 2597 da
304 2509 607 2611 conducit‚.anni
615 2527 794 2616 tempora
811 2534 857 2590 ac
868 2508 1047 2617 regimen
1059 2505 1189 2614 nisse,-

70 2567 226 2640 imaginati-

67 2637 410 2747 onisidvneaideuque
425 2635 475 2716 de
486 2636 561 2720 iilis
572 2633 716 2740 pariter
730 2648 852 2742 atque
869 2627 944 2714 hoc
962 2629 1048 2742 ipsu
1058 2656 1198 2744 agen--¹

242 2769 352 2849 dum.
406 2761 529 2861 Quod
560 2761 608 2845 ad
642 2761 770 2871 priora
801 2760 963 2861 attinet,
988 2759 1187 2873 imaginavi-

239 2893 389 2970 tionem
408 2885 456 2966 ad
478 2883 596 2968 ardua
609 2878 781 2990 ejusdem
794 2881 950 2994 negotia
970 2904 1052 2968 uon
1070 2884 1184 2971 adm

240 3012 429 3112 bendum,
465 3009 530 3092 nifi
562 3009 632 3092 illo
670 3011 860 3118 temporis
897 3003 1037 3116 spatio,
1063 3008 1172 3122 quud

241 3137 405 3218 aestatem
442 3129 680 3241 praeessent.
732 3130 859 3243 quue
891 3126 976 3215 sane*
1007 3160 1167 3218 monen-

239 3263 334 3346 dum
364 3290 440 3343 non
467 3259 544 3342 fine
571 3256 751 3367 exemplo
773 3253 1018 3338 celeberrimi
1032 3260 1170 3343 nostra·

236 3390 287 3465 tis
319 3388 459 3484 Pottae,
486 3384 680 3467 Autorem
700 3381 794 3464 volo
816 3368 985 3482 Paradift
1003 3375 1168 3491 Amiffa3

236 3514 304 3620 qui
334 3510 493 3593 scribere
524 3533 614 3590 vete
644 3508 720 3607 jam
747 3531 847 3590 novo
869 3507 1006 3615 coepit,
1034 3533 1081 3592 ac
1103 3534 1165 3591 eu

233 3636 327 3715 dem
359 3637 399 3714 in
431 3634 597 3716 aestatem
627 3657 720 3712 mox
744 3627 950 3713 tranfituro
976 3630 1019 3712 id
1040 3635 1164 3744 operis

233 3785 301 3868 per
325 3753 498 3863 reliquos
518 3755 603 3838 anni
616 3749 767 3837 menses
784 3749 1064 3866 impeffedum
1079 3755 1162 3840 reli·

1063 3880 1162 3990 quit,

1216 3976 1226 4171 i
