2498 4358
97 272 165 411 36
412 262 490 374 De
513 261 760 380 Medicina
787 267 992 376 Mentis.
1076 316 1080 323 ¹

62 603 219 687 Qua
297 579 419 680 Quod
440 579 488 661 ad
509 581 676 689 priorem
697 578 851 679 attinet,
878 583 933 662 est
954 582 1021 666 ubi
1041 580 1184 692 volup·

61 691 222 850 ididia
243 725 302 787 tas
313 703 433 811 judici
450 705 593 786 mentis
605 696 785 784 facultati
803 731 879 785 non
895 707 1093 816 probatur,
1112 733 1183 788 ve

63 851 105 928 ea
243 835 321 918 luti
340 858 428 942 qua
447 827 536 912 solis
556 825 718 935 subsellij
739 823 928 912 inferioris
952 836 1101 942 organis
1122 838 1182 939 ju·

243 955 372 1040 cunda
395 954 461 1049 est,
485 978 622 1032 verum
644 950 693 1032 de
712 979 791 1063 qua
777 948 979 1060 superior
1005 955 1069 1038 illa
1095 956 1181 1038 lon-

244 1079 292 1189 ge
332 1078 445 1160 aliter
487 1073 628 1157 censet.
687 1077 806 1161 Unde
838 1079 1006 1162 nonnihil
1038 1079 1180 1191 ingrati

242 1204 466 1314 frequenter
493 1199 764 1309 voluptatibus
798 1202 997 1288 admisceri
1028 1211 1181 1290 contin-

231 1329 315 1435 git.
371 1325 475 1407 Dein
507 1322 610 1404 uero
646 1324 695 1405 ad
732 1327 912 1433 potiones
948 1330 1180 1410 meraciores

247 1447 489 1558 confugiunt,
518 1445 660 1558 quibus
673 1447 812 1531 ditiaco
825 1448 960 1553 judicis
980 1453 1188 1561 negligere

246 1575 365 1655 motis
393 1571 460 1650 est.
517 1573 703 1654 Attamen
730 1568 869 1653 *harum
899 1599 975 1682 ope
1001 1577 1041 1654 in
1072 1572 1178 1656 aliud

246 1721 404 1809 tempus
422 1691 575 1808 differre
591 1698 683 1779 licet
694 1695 828 1799 judicis
846 1695 1089 1799 sententiam,
1101 1727 1179 1784 non

247 1829 411 1909 eandem
446 1825 592 1904 irritam
631 1822 812 1921 reddere‘3
843 1820 968 1904 donec
1002 1828 1179 1932 repetitis

246 1933 425 2027 calicibus
446 1940 524 2024 hacc
548 1942 713 2052 quidem
745 1942 905 2029 facultas
919 1946 1080 2028 tandem
1093 1945 1180 2033 sub-

230 2075 325 2152 acta
360 2065 508 2163 cedat„
540 2070 582 2148 In
617 2068 721 2171 cnjus
746 2067 876 2152 locum
898 2067 1044 2152 subiere
1071 2097 1179 2182 pere-

247 2195 343 2304 grini
356 2195 411 2274 isti
427 2190 593 2302 spiritus,
621 2195 688 2302 qui
711 2191 898 2278 furiatum
916 2193 964 2277 ad
984 2196 1096 2277 instar
1113 2224 1178 2281 ex-

244 2322 393 2428 agitant
412 2313 719 2427 perturbantque
747 2338 948 2416 mentem3
977 2320 1176 2404 interdum

246 2446 284 2524 δι
301 2443 428 2524 aciem
443 2439 556 2549 ipfius
575 2441 804 2541 retundunt,
830 2442 1084 2552 vigoremque
1097 2445 1177 2527 stu·

244 2594 338 2678 pote
367 2565 631 2674 demergunt3
656 2564 854 2648 interdum
881 2566 1069 2679 quicquid
1107 2566 1177 2654 hu·

244 2692 352 2772 mani
372 2688 571 2802 reliquum
591 2691 644 2770 est
664 2687 789 2774 visui
809 2688 906 2776 adei)
927 2690 1100 2777 obmunt
1117 2711 1175 2776 at·

205 2863 211 2925 1
244 2838 322 2924 que
336 2815 580 2918 extinguunt,
592 2829 654 2911 ut,
672 2811 734 2894 nifi
745 2809 898 2895 lethum
913 2812 1177 2924 occupirit,in

55 2919 62 2935 '
187 2932 190 2938 ’
244 2938 334 3016 νινο
365 2928 494 3016 adhuc
529 2961 689 3045 corpore
724 2939 900 3018 mentem
934 2939 1036 3049 quast
1069 2938 1176 3052 sepe-

244 3056 355 3141 liant.

63 3375 147 3433 axem
124 3372 223 3449 ΜΜΜΜ
299 3305 504 3418 Siquidem
533 3301 768 3417 quibussibet
795 3311 966 3408 naturis,
1006 3308 1073 3392 ubi
1108 3338 1177 3394 vo·

63 3474 155 3511 mero
156 3474 206 3510 oa
243 3427 375 3538 luptas
393 3459 469 3542 ope
489 3432 587 3510 meri
611 3432 872 3529 continuatur,
900 3430 1177 3533 metuendum,

62 3537 198 3690 ”Μ’Μ’;Μ’Μ”Μ”’
237 3580 292 3634 ne
319 3555 398 3636 tale
417 3552 605 3665 quiddam
635 3549 700 3633 fibi
718 3573 950 3638 eventurum
970 3553 1027 3655 sit,
1054 3556 1175 3666 quale

60 3708 124 3775 rem
240 3679 416 3760 Socrates
435 3679 558 3788 Anyti
577 3675 659 3758 filio
674 3677 860 3784 praedixit
887 3680 1091 3762 Nimirum
1105 3681 1175 3762 ille

243 3795 485 3913 adolescens,
508 3800 638 3883 animo
658 3799 803 3907 quippe
823 3825 901 3882 non
919 3796 1146 3903 remiffus,
1135 3829 1175 3882 ιιι

1088 3942 1172 4007 arte
