2498 4358
166 253 170 260 ’
268 233 384 354 Dr
407 240 657 356 Medicina
685 234 882 349 Mentis
1073 228 1177 365 225¹

91 429 290 539 quadrat,
319 424 419 513 adeo
442 445 490 511 ut
509 424 679 508 deficere
696 422 864 506 itidem
854 436 954 502 mter
973 445 1032 499 er-

71 573 203 637 tores
236 553 363 637 haberi
405 572 547 664 queat,
594 550 753 660 perinde
786 567 909 687 atque
948 538 1028 624 salsi

91 674 370 786 speciede‘cipi.
426 682 692 761 Veruntamen
726 673 795 781 qui
823 665 950 750 censet
968 689 1029 743 ac-

78 796 280 883 -cusandos
315 797 407 882 ideo
443 797 642 897 mortales,
668 796 737 904 qui
767 789 1027 902 pulcherrima

89 949 258 1034 quaque
282 919 537 1032 omnibusque
570 920 739 1002 numeris
763 911 1030 997 absolutilsrma

86 1050 153 1130 vix
166 1047 305 1146 edunt,
331 1065 387 1129 nae
408 1046 476 1127 ille
497 1048 676 1157 iniquum
695 1048 733 1126 in
753 1041 920 1125 humana
940 1067 1028 1124 orn·

87 1173 155 1254 nia
196 1171 381 1276 judicium
416 1167 580 1282 profert,
625 1188 745 1282 atque
783 1165 1027 1264 indiciorum,

63 1300 179 1406 'qua
198 1295 277 1395 alijs
299 1295 425 1401 postea
443 1293 557 1395 liunt,
582 1310 787 1376 momenta
805 1288 907 1375 haud
937 1291 1025 1372 latis
1067 1380 1070 1388 ,

87 1413 330 1527 perpendisse
376 1416 567 1500 videatur.
630 1412 837 1501 Gradatim
876 1417 1025 1525 quippe

79 1537 140 1620 ad
164 1541 342 1621 notitiam
366 1543 445 1625 veri
477 1534 641 1649 falsique
668 1536 773 1650 quafi
798 1555 867 1650 per
883 1534 1025 1620 scalam

89 1663 348 1750 conscendere
388 1669 636 1752 ratiocinandi
674 1666 834 1750 facultas
869 1663 1025 1750 consue-

60 1792 174 1899 ,vit3
202 1791 505 1877 &minutissima
528 1790 620 1902 sape
652 1792 700 1873 ab
728 1787 918 1904 imperitis
949 1811 1025 1874 tta-

89 1913 175 2003 dita
189 1916 334 2000 indices
348 1920 599 2001 maximorum
617 1915 884 2028 deprehendit.
899 1915 1022 2013 Quod

88 2035 255 2148 quidem
296 2038 450 2121 abunde
495 2056 607 2148 patet
627 2075 633 2085 1
655 2062 702 2124 err
734 2039 1023 2148 disciplinarum

87 2160 275 2267 historijs;
317 2168 356 2245 &
387 2160 506 2273 quiin
548 2166 671 2273 parvis
709 2162 878 2273 primlrm
925 2163 1023 2249 elills

88 2281 267 2370 scintillis
297 2288 481 2371 radiantia
515 2317 648 2374 earum
678 2290 825 2374 lumina
843 2288 1024 2376 omniurn

78 2405 172 2492 serr}
185 2407 335 2510 oculos,
363 2408 478 2519 longe*
496 2411 653 2523 latique
672 2413 907 2520 procedente
922 2435 1024 2500 tem-

88 2558 188 2643 pore
207 2533 475 2642 percellerent.

89 2763 328 2891 Denique
367 2779 476 2890 qubd
507 2798 661 2866 tantum
708 2780 805 2868 serio
843 2801 1019 2870 naturam
1045 2786 1157 2876 naaria·

89 2901 418 3012 perscrutantibus
448 2903 671 3006 innotescat,
698 2905 793 2989 hanc
820 2907 940 3015 ipsam
960 2927 1021 2992 at·
1045 2890 1182 3052 pff}

90 3024 202 3110 rente
226 3023 551 3110 considerantibus
578 3029 699 3138 magis
729 3028 949 3112 incredibile
967 3028 1023 3112 vi·
1043 3044 1162 3119 araas

93 3149 176 3232 deri
197 3173 262 3254 par
281 3151 344 3247 est,
372 3172 489 3259 quarn
519 3147 627 3263 qubd
655 3157 845 3236 erroribus
871 3159 1025 3237 ratioci-

89 3270 208 3355 nandi
237 3267 400 3356 facultas
417 3272 585 3357 obnoxia
598 3269 623 3352 s
625 3291 655 3350 t
708 3273 814 3357 Tam
840 3275 1025 3363 tenuibus

81 3398 198 3478 'enim
233 3391 336 3475 fibris
372 3420 511 3504 organa
547 3387 714 3498 ejusdem
753 3414 1025 3542 contexuntur,

93 3526 132 3604 dc
154 3515 266 3600 tanta
288 3514 503 3601 subtilitate
523 3516 722 3620 dotantur,
749 3541 893 3630 quanta
913 3527 1022 3630 variis

96 3654 223 3724 r'erum
251 3642 452 3749 generibus
483 3639 654 3753 congrue
682 3641 904 3754 adaptetur,
940 3649 1021 3760 qul)

95 3759 279 3875 liquidius
301 3765 508 3848 earundem
537 3762 679 3875 species
697 3769 898 3880 percipiat,
923 3766 1021 3852 offe·

506 3889 558 3992 Q,
885 3889 1030 3999 tuque
