2498 4358
218 308 220 312 ψ
286 225 364 334 De
388 192 637 336 Medicina
663 217 860 332 Mentis.
1088 199 1153 335 85

86 439 230 525 nempe
242 432 372 499 antro
389 412 445 495 ibi
478 410 676 496 habitabat
703 405 865 504 Chiron,
891 403 960 514 qui
980 405 1019 482 δι

80 539 121 643 ju
172 555 332 622 ntutem
352 531 555 647 disciplinis
573 554 740 634 ornaret,
757 523 1022 637 exercitiisque

82 561 281 864 acldiaeta
313 658 456 750 idonei
488 658 699 744 roboraret.
757 652 937 742 Medicus
964 655 1019 732 in-

82 801 202 868 term
233 781 300 867 ille
333 779 483 872 Chiron
516 787 622 890 juxta
653 784 736 890 ejus
779 778 898 862 seculi
926 771 1018 884 sapi-

85 909 239 991 entiam
276 929 417 1016 corpus
454 903 712 1018 ment'emque
750 900 939 1001 excoluit,
965 903 1019 982 vi-

83 1025 226 1142 rosque
272 1053 340 1139 per
382 1026 513 1112 omnia
557 1026 667 1113 sanos
698 1026 882 1136 praestare,
937 1021 1020 1135 dig-

85 1146 235 1263 nosque
272 1151 342 1261 qui
380 1150 506 1259 postea
542 1154 739 1262 regnaturi
770 1144 901 1250 ellent,
928 1144 1018 1228 red-

84 1270 181 1356 dere
198 1270 386 1357 studebat.
429 1272 613 1358 Pindarus
629 1267 910 1384 elegantilsrmo
943 1296 1021 1351 car-

84 1395 196 1480 mine
222 1395 326 1477 illios
361 1393 529 1480 modum
549 1415 694 1480 naturae
720 1397 1015 1478 convenientem

86 1518 308 1628 descripsrt3
348 1521 416 1605 ubi
441 1519 572 1622 tradit,
612 1520 737 1633 qualis
759 1517 905 1636 Jasonis
923 1518 1018 1601 edu·

84 1645 196 1725 catio
224 1637 332 1743 elset,
351 1661 563 1752 antequam
587 1667 752 1751 regnum
773 1639 868 1725 Iolci
892 1660 1017 1750 pater·

87 1793 185 1849 num
218 1767 241 1850 i
267 1765 374 1850 Pelii
402 1763 626 1877 usurpatum
648 1786 829 1879 peteret:
878 1771 931 1851 Ea
951 1792 1018 1846 ve·

87 1893 137 1975 rb
165 1914 213 1971 ex
233 1889 414 1973 omnibus
434 1891 637 1990 conflatur,
656 1918 743 2003 quae
763 1909 940 1974 mentem
960 1883 1018 1968 fe-

84 2012 211 2095 ritate
242 2010 467 2095 horrentem
502 2015 543 2095 in
581 2017 723 2097 mitem
749 2009 1017 2127 placidamque

86 2157 136 2217 ac
164 2131 369 2242 benignam
403 2134 621 2238 emolliant,
647 2148 686 2220 δι
719 2162 806 2249 quae
853 2139 1017 2248 impera·

85 2275 220 2340 torem
247 2254 390 2340 bellici
413 2255 627 2372 regemque
651 2260 753 2344 civili
778 2263 923 2344 virtute
961 2268 1018 2347 in-

88 2378 512 2493 ssmantimbuz'antque.

142 2611 218 2700 Hic
244 2636 379 2701 autem
406 2645 533 2729 operae
567 2622 736 2730 pretium
771 2620 927 2704 videtur
951 2623 1017 2737 Ja-
1034 2670 1165 2748 Em„

85 2733 222 2822 sonem
268 2739 419 2822 Pindari
460 2761 582 2853 atque
630 2740 928 2828 celeberrimum
977 2748 1147 2834 il·Jal⁰'²⁵³

84 2860 175 2946 lum
205 2864 476 2973 Xenophontis
501 2868 653 2976 Cyrum
693 2863 771 2949 uni
806 2866 938 2970 hibere,
975 2840 1070 2955 ut&
1102 2832 1170 2913 ΟΜ

84 2983 209 3076 ambo
240 2988 280 3067 in
325 2983 466 3070 eidem
515 2987 618 3099 quasr
654 2988 787 3075 tabulai
833 2991 1018 3087 delineari

85 3103 379 3216 conspiciantur.
444 3115 630 3206 Quorum
685 3112 847 3221 quidem
902 3120 1017 3223 priori

84 3227 236 3314 Chiron
268 3229 454 3340 (Divinus
482 3231 717 3345 appellatus)
733 3263 877 3320 nomen
892 3238 941 3320 ab
960 3266 1018 3322 ar·

48 3370 136 3448 'te
169 3352 352 3435 medendi
389 3354 587 3465 imposuit,
616 3357 696 3468 quai
734 3355 866 3443 sanum
907 3357 1018 3448 fuisse

82 3502 180 3560 eum
214 3474 413 3561 redditum
437 3477 634 3562 indicavit.
688 3479 859 3567 Edonus
874 3489 1021 3600 quippe

81 3593 214 3680 fuerat
240 3594 263 3678 i
289 3596 416 3708 primi
445 3597 568 3714 usque
587 3596 749 3685 infantia
782 3633 849 3715 per
880 3613 1016 3721 viginti

83 3723 124 3802 in
145 3715 319 3824 ejusdem
350 3742 461 3808 antro
499 3752 632 3827 annos,
654 3753 699 3814 ac
733 3731 859 3837 postea
891 3736 930 3821 in
957 3764 1018 3818 ur·

496 3849 536 3930 G
577 3874 595 3952 3
923 3853 1014 3938 bem
