2498 4358
273 221 354 342 De
376 217 630 359 mearam
657 194 858 344 Monta.
1064 233 1162 360 137

143 533 253 621 Felix
286 531 466 616 nimirum
499 522 642 615 mentis
676 529 745 615 ille
773 530 841 634 est,
881 533 951 644 qui
982 531 1023 618 in
1043 529 1164 610 rapae.

87 654 376 770 imaginationis
428 651 629 762 speculum
668 656 850 766 inspicere
897 652 1024 766 potest

86 783 177 866 ideo
192 770 437 866 solummodo
457 800 505 863 ut
519 780 686 888 apertius
701 811 786 866 rem
803 779 1022 893 cognoscat,

90 905 250 1020 aliisque
271 908 465 1016 depictam
500 906 700 1007 ¹exbibeat3
739 905 835 993 felix
866 910 1024 992 interim

88 1027 116 1113 fi
135 1020 341 1146 qubulque
353 1021 596 1142 =imaginandi
623 1036 661 1115 vi
679 1035 803 1129 utitur
832 1032 933 1114 clare
952 1025 1025 1112 nb-

89 1163 152 1262 rit,
179 1158 327 1272 quique
348 1154 518 1264 ejusdem
538 1155 658 1269 operi
690 1185 833 1262 carere,
857 1156 1022 1244 ubicun-

88 1310 171 1394 que
203 1284 313 1384 velit,
340 1281 475 1392 potesl.
528 1284 689 1391 Nempe
727 1279 798 1366 soli
836 1275 1022 1390 germani

90 1406 277 1492 dotantur
306 1408 446 1491 mentis
472 1404 716 1506 fortitudine,
745 1403 821 1517 qui
839 1396 1023 1519 'disciplie

87 1557 157 1614 nas
176 1527 340 1641 superat,
367 1548 488 1642 atque
517 1525 679 1635 scientijs
704 1529 924 1613 utilioribus
955 1514 1052 1639 pe„·'

87 1653 206 1747 nitibs
225 1653 428 1763 imbuitur,
455 1655 527 1763 qui
551 1653 838 1761 imaginationis
863 1652 1021 1753 auxilio,

88 1776 291 1891 fiquando
310 1801 408 1883 opus
428 1776 487 1877 fit,
513 1774 720 1879 fruuntur3
750 1794 792 1860 at
810 1772 903 1873 verb
925 1777 1023 1870 imae

86 1906 197 2014 gines
216 1903 319 1987 illius
338 1899 361 1984 a
381 1902 495 1987 rebus
512 1898 598 2012 ipfis
619 1898 768 2009 prorsus
795 1900 1023 1995 discernunt,
1140 1898 1141 1901 ‘

87 2026 294 2138 Siquidem
326 2018 427 2129 illud
455 2052 589 2127 omne,
616 2025 724 2134 quod
756 2052 805 2109 ex
836 2028 1022 2135 imagina-

87 2154 207 2234 tionis
224 2151 406 2261 operibus
434 2149 576 2236 discere
607 2151 714 2250 licet,
741 2150 789 2247 ad
823 2148 1020 2240 summum

86 2279 277 2364 terminos
310 2265 573 2374 'fimilitudinis
622 2273 784 2357 minime
834 2275 1018 2358 excedit:

85 2397 226 2513 ‘Atque
264 2401 331 2485 ubi
352 2427 412 2491 res
442 2397 582 2481 fimiles
616 2396 872 2483 internoscere
905 2427 1020 2511 opor·

86 2542 161 2626 tet,
185 2523 385 2637 speculum
412 2523 630 2629 hujusmodi
649 2529 808 2609 minoris
826 2518 1018 2609 momenti

87 2647 142 2729 est
163 2689 174 2756 3
194 2676 239 2733 ac
267 2649 346 2731 illic
380 2647 517 2738 sedulo
538 2646 769 2749 cavendum,
795 2652 932 2764 nequis
951 2677 1017 2735 eo·

85 2774 178 2870 dem
199 2776 389 2884 abutatur.

144 3021 213 3107 Ad
237 3054 296 3107 res
314 3028 448 3138 itaque
465 3023 562 3135 ipsas
591 3053 662 3111 ceu
694 3026 931 3137 exemplaria
960 3056 1018 3110 re·
1037 3060 1182 3132 nonpo-

83 3143 229 3253 spicere
257 3146 407 3249 faseli,
434 3141 750 3262 quandocunque
781 3151 831 3233 de
864 3149 1016 3259 hujusce
1034 3139 1122 3223 rana.

83 3267 283 3361 facultatis
308 3274 492 3387 operibus
510 3273 696 3360 sententia
717 3277 886 3378 seratur;
929 3280 1019 3389 qui-

41 3426 42 3432 *
82 3395 161 3480 bus
191 3396 292 3502 sane,
325 3399 451 3498 modo
484 3398 564 3486 haec
597 3429 666 3515 per
701 3405 834 3485 onmia
867 3404 1020 3511 respon-

85 3525 196 3640 dent,
218 3525 510 3637 praestantiffima
532 3529 584 3608 est
598 3531 679 3632 ejus
696 3528 882 3611 conditio.
924 3536 1017 3615 Non

81 3650 172 3735 rarb
218 3671 352 3736 tamen
395 3651 538 3749 accidit
585 3672 644 3753 ut,
682 3656 749 3765 qui
790 3651 1020 3740 adhibentur

80 3776 235 3888 judices
268 3774 317 3859 ad
350 3775 609 3892 dignoscenda
643 3804 772 3884 rerum
811 3777 1021 3884 simulacra,

82 3907 86 3912 ’
399 3911 403 3915 ’
679 3908 685 3922 ‘
955 3903 1027 4014 ipss
