2498 4358
68 226 174 351 214
372 211 453 324 Dc
481 213 736 326 Medicina
763 222 965 337 Mentis.

210 424 294 516 quo
307 404 419 510 preto
436 401 579 501 evenit,
606 415 651 481 ut
672 397 734 478 vix
751 393 832 478 ulla
852 397 1013 480 rationis
1029 397 1147 482 velli4

214 527 276 630 gia
308 527 558 637 reperiantur.
612 519 730 618 Quod
763 521 928 634 quidem
958 550 1010 608 err
1027 520 1151 604 imbe-

92 701 94 705 -
210 649 378 732 cillitate
399 647 549 756 hujusce
565 645 762 730 facultatis
781 645 903 728 oritur
924 678 934 726 r
963 645 1034 729 ubi
1051 647 1153 729 inter

214 769 395 856 homines
414 778 453 856 δι
472 769 584 854 bruta
607 768 816 852 animantia
835 771 1057 855 maximum
1084 763 1158 849 dis.-

215 896 363 978 crimen
381 890 495 976 fitum
515 891 684 974 videtur.
740 892 907 973 Proinde
945 890 1021 973 hoc
1056 889 1159 988 casu,

215 1014 300 1123 ipfis
326 1011 534 1100 commod&
555 1014 765 1100 exercenda
789 1015 916 1112 adbuc
934 1016 1079 1099 restant
1098 1042 1159 1098 or·

218 1163 328 1247 gana,
364 1135 545 1248 qualibus
580 1135 691 1219 bruta
731 1135 931 1223 nobiscum
971 1165 1158 1224 commu-

219 1263 321 1344 niter
338 1279 523 1362 utuntur,
549 1261 617 1372 qui
636 1259 837 1373 quondam
855 1263 1012 1345 rationis
1032 1263 1157 1346 etiam

113 1437 116 1441 ι
217 1387 424 1498 participes
437 1382 618 1469 filerunt:
649 1381 766 1473 Adeb
788 1403 833 1496 ut
850 1382 1014 1494 speciem
1035 1384 1157 1468 solam

218 1524 295 1628 jam
330 1510 560 1596 extrinsecus
594 1509 799 1594 humanam
830 1532 989 1620 gerant3
1020 1531 1164 1594 mente

220 1635 317 1721 verb
337 1634 438 1721 haud
451 1637 662 1749 quidquam
674 1633 833 1717 bomine
850 1636 1012 1744 dignum
1034 1639 1159 1720 olien-

224 1764 330 1853 dant.
385 1763 514 1874 Atqui
547 1758 822 1874 qualiscunque
858 1761 903 1844 fit
947 1764 1016 1844 iste
1040 1760 1159 1868 casus,

221 1902 362 1975 eorum
394 1887 653 1968 attentionem
685 1903 873 1987 meretur,
900 1890 1036 1999 quiin
1057 1902 1173 1989 ario„

222 2016 393 2126 gantiam
410 2030 528 2119 atque
541 2037 696 2090 morum
708 2008 949 2094 insolentiam
965 2013 1157 2123 proclives

222 2137 323 2223 sunt.
377 2133 543 2218 Talibus
574 2131 762 2244 fiquidem
796 2156 931 2220 natura
964 2134 1156 2248 spectacu-

222 2257 309 2342 lum
339 2253 511 2355 exhibet,
537 2274 658 2364 atque
690 2254 847 2338 invisam
869 2261 974 2342 istam
997 2263 1155 2345 rationis

222 2382 391 2487 inopiam
413 2400 604 2496 tanquam
623 2385 910 2467 monimentum
932 2388 1063 2494 erigit,
1090 2387 1154 2470 ubi

225 2502 352 2586 adbuc
379 2504 525 2586 viventi
562 2529 669 2583 mens
708 2502 812 2614 quafi
842 2503 990 2612 sepulta
1026 2514 1154 2614 jacet:

224 2627 425 2712 Nimirum
447 2641 495 2707 ut
516 2623 714 2734 quantist
736 2605 877 2735 sapere,
904 2658 950 2712 ex
970 2631 1056 2713 visa
1076 2630 1153 2715 infi-

226 2744 382 2858 pientid,
408 2744 585 2827 homines
601 2747 799 2846 aestiment,
827 2751 1153 2862 &cognoscentes

224 2886 420 2980 quantum
448 2866 595 2948 decoris
624 2872 920 2975 vigensmentis
943 2874 1043 2958 bene
1060 2876 1152 2962 sanae

121 3011 131 3022 '
222 2990 432 3097 imperium
452 2991 620 3096 corporis
649 2987 896 3079 facultatibus
916 2993 1149 3109 superaddit,

224 3111 263 3226 se
281 3112 411 3218 eidem
431 3109 659 3221 submittere
674 3113 863 3210 studeant.
