2498 4358
277 235 358 345 Da
382 227 631 351 Medicina
655 231 820 344 Mena
782 259 857 338 t.rs
1041 245 1158 368 -153

85 417 202 510 Prisci
224 442 360 508 autern
395 416 564 503 remedia
598 439 682 504 tam
702 415 830 532 aspere
849 410 1022 499 fortiter-

83 575 165 662 que
184 547 460 686 adhibuerunt,
487 541 718 658 &eousque
735 544 894 630 tandem
915 541 1048 627 male
1113 542 1117 552 ⁴
1153 541 1169 559 ’“

83 673 211 758 feriati
231 699 275 755 ac
293 671 400 784 pravi
425 667 528 754 abusi
555 666 724 772 fuerunt,
750 689 797 754 ut
817 667 865 750 ab
886 662 1020 772 ijsdem
1158 704 1180 737 .·

83 793 287 879 hominum
322 819 452 877 mores
484 789 898 905 abhorrerent31quae
932 790 1023 874 dein

86 915 295 1004 artificibus
326 917 470 1000 itidem
501 915 684 1002 dedecori
724 914 854 1000 futura
884 909 1024 996 essent.

84 1041 303 1130 Enimvero
323 1043 525 1156 postquam
560 1043 738 1125 Socrates
769 1036 930 1123 licentid
956 1067 1025 1122 ve-

71 1171 183 1252 teris
214 1168 421 1253 comoediae
451 1170 601 1281 petitus
627 1162 771 1267 fuerat,
798 1163 885 1249 huic
917 1194 1026 1276 pror·

85 1286 151 1380 sus
179 1289 360 1405 neglectae
399 1311 518 1405 atque
541 1288 682 1376 invisae
716 1289 905 1403 politum
921 1288 1024 1375 iilud

87 1442 214 1527 genus
242 1412 429 1519 succeffit,
454 1415 564 1529 quod
598 1414 863 1501 Menandrum
895 1415 1027 1501 culto-

89 1565 195 1621 rem.
206 1536 402 1648 agnovit,
418 1543 457 1624 in
477 1570 557 1656 qua
541 1533 692 1624 famd
709 1538 851 1624 intanta
882 1541 1026 1622 vitium

90 1661 291 1747 emendari
321 1667 465 1774 potuit.
527 1664 602 1749 At
603 1662 724 1746 talis
734 1652 902 1775 quidem
918 1659 1030 1745 fabu-

89 1781 146 1885 la,
179 1784 253 1868 ubi
291 1785 475 1898 exempla
500 1780 825 1891 desumuntur
804 1812 828 1867 a
861 1781 1031 1891 personis

91 1906 307 2020 longinime
323 1916 503 2015 remotis,
530 1884 781 1997 efficacissime
800 1936 844 1992 ac
863 1904 1028 1993 feliciffi-

80 2031 162 2115 ,ιιιὲ
182 2032 351 2119 adhibita
369 2033 466 2136 firit3
493 2034 574 2148 qud
602 2039 641 2118 in
659 2032 857 2118 methodo
892 2030 1030 2119 consu-

85 2152 475 2270 ‚litur,..curatioque
505 2161 702 2270 peragitur
736 2184 813 2242 non
850 2153 925 2239 fine
963 2184 1030 2240 eo-

96 2277 193 2363 dem
212 2278 342 2367 frudtu
366 2311 412 2368 ac
441 2282 510 2368 ubi
543 2302 629 2367 tota
663 2309 724 2365 res
748 2282 897 2391 aperti,
915 2281 1031 2366 tradi-

94 2426 178 2490 tur.
232 2410 340 2504 Quin
362 2409 605 2520 &parallelae
625 2406 829 2493 hominum
856 2406 1031 2509 historiar,

96 2532 168 2644 qui
199 2529 404 2643 quondam
436 2535 537 2638 vitijs
570 2529 788 2634 hujusmodi
818 2526 1030 2617 deformati

97 2652 258 2756 fuerint,
285 2683 363 2739 non
382 2655 457 2738 fine
477 2661 560 2768 pari
585 2655 759 2738 utilitate
791 2654 1035 2740 adhibentur.

97 2781 305 2865 Nimirum
336 2779 379 2864 id
410 2801 646 2892 perpetuum
666 2782 733 2882 est,
760 2808 878 2892 opera
897 2785 1036 2893 imagi·

100 2911 270 2994 nationis
290 2929 467 2996 accurata
499 2910 667 2994 totidem
699 2906 774 2992 ene
804 2907 970 3020 specula,
996 2914 1035 2996 in

86 3034 248 3150 -quibus
292 3033 492 3134 simulacra
528 3034 595 3122 sua
638 3040 836 3121 intuentes
876 3032 1038 3138 discant,

102 3158 184 3273 qud
220 3161 371 3242 ratione
405 3158 442 3244 se
480 3160 655 3268 redigant
688 3161 736 3242 ad
766 3163 897 3267 justam
939 3162 1036 3243 hanc

103 3282 422 3391 amplitudinem,
462 3310 582 3397 quam
626 3279 752 3368 forma
788 3312 939 3370 necnon
975 3283 1039 3368 fir·

105 3412 226 3491 mitas
257 3412 508 3508 comitantur,
535 3402 676 3518 suique
706 3410 850 3522 omnia¹
868 3407 917 3491 ad
950 3435 1041 3493 ean-

106 3531 204 3615 dem
222 3528 267 3615 ed
287 3532 374 3644 lege
395 3528 556 3618 effinam
577 3533 896 3620 accommodent.

893 3787 1043 3880 Quam·
