2498 4358
258 216 338 325 Dc
365 211 615 332 Medicina
645 215 835 351 Manain
1025 140 1153 348 ⁴103

35 372 38 382 Ι
82 401 239 515 tegritas
271 396 486 508 plurimum
517 398 656 498 ualeat,
683 420 804 511 atque
832 418 879 484 ut
898 395 1014 484 notis-

81 525 194 613 amas
228 520 300 608 usu
330 549 390 607 res
423 524 579 607 minime
603 522 833 634 dig-noscere
864 528 1014 636 gravior

80 653 226 738 mentis
257 648 440 735 alienatio
465 651 546 754 iure
568 646 769 752 habeatur,
796 649 928 763 eoque
947 649 1013 732 de·

80 780 217 876 terior,
244 770 327 887 quo
361 772 517 885 propius
546 800 680 858 earum
708 777 846 858 noticia
867 773 923 857 ad
936 769 1015 887 ipsa

81 897 384 1013 apprehensionis
400 899 509 980 initia
529 897 700 982 accedat.

137 1133 294 1222 Eddem
327 1135 448 1216 etiam
481 1128 636 1241 spectat,
660 1133 888 1248 ubicunque
916 1159 1016 1218 erra·
1037 1146 1169 1248 annun

40 1259 44 1262 ’
81 1279 148 1346 tur
186 1265 226 1345 in
265 1257 518 1371 percipiendis
553 1257 668 1342 rebus
702 1262 798 1346 intra
836 1281 1016 1344 mentem
1037 1246 1198 1373 ξῇῗξωζζ*

82 1389 223 1503 gestis3
252 1385 376 1470 veluti
411 1386 571 1502 quando
606 1391 792 1501 imagines
827 1390 922 1474 inibi
959 1418 1018 1474 re·
1040 1390 1186 1474 timpum.

83 1510 253 1599 condita
290 1539 363 1625 pro
399 1511 518 1597 rebus
550 1510 634 1622 ipfis
672 1513 1021 1624 apprehendantur,

85 1653 156 1725 aut
177 1663 288 1738 mens
313 1631 423 1718 hasce
442 1631 616 1720 efflici'nn
638 1636 838 1746 depereat,
868 1663 1021 1718 memo·

81 1759 223 1872 uinique
246 1763 531 1872 praeteritarum
549 1756 815 1871 repraesentati
835 1754 1021 1842 defiderio

85 1880 300 1969 earundem
349 1885 503 1993 flagaet.
568 1887 727 1996 Quippe
767 1900 884 1995 prout
922 1880 1023 1969 sanis

84 2005 325 2122 quandoque
351 2006 508 2112 accidit,
531 2027 580 2094 ut
605 2009 797 2124 quiddam
819 2007 932 2093 valde
951 2035 1022 2121 op-

86 2155 223 2224 tatum
242 2131 578 2246 defideuatumque
595 2137 721 2226 menti
739 2161 807 2244 per
824 2133 1021 2219 somnium

86 2280 271 2374 tanquam
290 2255 449 2372 praeiens
468 2259 680 2365 objiciatuc³
709 2259 795 2344 imo
810 2268 848 2345 &
867 2255 1027 2374 quibust

86 2386 181 2478 dam
197 2384 301 2473 haud
326 2386 380 2469 ita
399 2386 529 2495 penitis
553 2383 621 2468 sed
638 2403 771 2468 tamen
798 2382 861 2494 spe
889 2382 1025 2495 plenis,

87 2535 136 2603 ut
165 2510 280 2598 facile
314 2507 484 2611 credant,
509 2512 699 2623 quicquid
730 2510 853 2595 adeffe
872 2511 936 2592 fibi
954 2538 1024 2593 vo·

88 2644 204 2739 luam
229 2637 278 2722 fic
305 2638 433 2720 etiam·
449 2640 555 2746 agris
574 2664 859 2747 nonnunquam
879 2641 1025 2742 evenit,

86 2783 136 2849 ua
149 2761 220 2875 ipsi
231 2789 393 2874 quoque
410 2759 550 2843 eadem
570 2788 657 2872 qua
674 2759 815 2849 volunt
830 2765 869 2844 dc
885 2757 1026 2843 arden·

88 2910 150 2974 ter
171 2891 346 2999 cupiunt,
376 2887 412 2972 se
434 2907 623 3001 tanquam
653 2885 797 2988 videre,
825 2913 869 2969 ac
889 2885 1027 2974 sentire

91 3045 162 3129 per
201 3015 382 3100 delicium
419 3019 653 3126 opinentur.-
695 3017 785 3098 Nec
819 3015 891 3097 diri
923 3016 1028 3101 istius

88 3140 369 3252 symptomacis
392 3142 469 3226 ana
501 3140 656 3224 videtur
682 3139 807 3244 causa,
834 3141 945 3252 quod
972 3140 1028 3222 st-

92 3265 152 3352 bci
173 3270 394 3355 laborantes
414 3296 490 3352 non
511 3267 596 3352 rard
617 3291 744 3380 urget,
770 3273 839 3382 qui
854 3269 1030 3355 viridaria

90 3391 273 3478 umbrosa
301 3392 463 3504 lymphd
482 3395 663 3477 scatentia
683 3394 890 3478 delirantes
908 3393 973 3478 fibi
990 3398 1031 3480 in

93 3513 303 3628 conspedu
340 3516 465 3602 adesse
496 3537 651 3628 putant.
704 3519 909 3628 Siquidem
937 3520 1031 3603 talia

95 3662 259 3755 propter
293 3645 438 3747 aestum,
474 3671 594 3757 quem
627 3640 811 3749 sentiunt,
841 3648 882 3755 ijs
913 3672 1032 3754 exop-

517 3778 555 3862 H
583 3798 610 3875 4
720 3836 723 3841 ·
884 3795 1032 3874 tantur,
