2498 4358
68 196 188 333 156‘

382 196 461 305 De
489 190 743 333 Medicina
766 195 958 304 Mentt'a

201 410 261 470 res
296 403 499 496 perceptas
526 403 646 495 atque
672 383 713 464 in
733 379 923 466 memorii
941 377 1143 469 asservatas

203 538 274 623 pro
307 509 385 595 suis
418 510 649 607 venditare;
674 503 926 615 striveopera
945 510 1141 600 inlocum

204 664 360 738 eorum,
385 632 571 747 quaeipsae
584 629 805 745 prodiddre,
826 628 1003 719 sufficiat.
1029 640 1144 732 Quo-

204 765 309 849 niam
336 779 480 846 naturae
509 761 607 845 ordo
626 762 663 841 in
684 756 980 844 huncmodum
994 757 1146 847 subver-

117 953 120 961 -
206 889 281 991 sus,
307 885 400 975 facit
413 907 460 973 ut
478 887 610 970 omnia
623 887 661 968 in
681 900 815 967 mente
830 885 1146 993 confundantur:

207 1013 366 1099 Etenim
397 1013 516 1094 animi
547 1003 702 1094 affectus
729 1030 777 1091 ex
809 1005 864 1093 sui
883 1008 996 1121 ipfius
1014 1026 1147 1101 amore

207 1139 307 1223 vires
334 1131 415 1219 [uas
434 1131 711 1241 depromentes
731 1133 887 1218 nullum
907 1132 1049 1217 dehinc
1071 1160 1155 1220 ree.

207 1283 337 1351 torem
372 1257 604 1372 agnoscunt,
632 1278 673 1341 at
701 1256 844 1370 species
875 1260 989 1344 mille
1016 1286 1146 1345 rerum

209 1384 419 1471 illudentes
439 1381 516 1468 huc
529 1383 624 1467 illuc
639 1404 815 1467 mentem
830 1381 1043 1469 distrahunt
1056 1410 1150 1466 con·

209 1508 462 1624 turbdntque.
514 1513 652 1622 Itaque
686 1512 726 1593 in
746 1528 919 1623 utroque
940 1536 1086 1622 genere
1104 1534 1149 1591 ae·

211 1631 350 1747 grescit
383 1636 621 1744 imaginatio,
650 1630 782 1717 utrdm
809 1662 857 1717 ex
876 1654 986 1744 parte
1005 1635 1150 1717 vanita-

211 1765 261 1844 tis
291 1760 356 1843 vel
388 1758 610 1844 timiditatis
633 1779 841 1867 peccetur:
872 1763 923 1841 Et
957 1760 995 1843 in
1026 1758 1148 1868 priore

212 1881 376 1992 quidem
403 1877 577 1991 persona,
603 1908 719 1991 quam
747 1878 914 1985 sustinet,
942 1881 1150 1992 grandiora

212 2012 253 2093 in
289 2008 496 2118 posteriore
526 2007 619 2090 vero
652 2012 817 2111 tenuior,
844 2009 966 2123 quam
995 2035 1063 2121 par
1080 2008 1148 2110 ess,

214 2130 420 2244 effingitur.
472 2133 664 2244 Exemplo
696 2131 742 2216 fit
771 2136 853 2237 ille,
880 2138 949 2248 qui
975 2138 1014 2218 in
1041 2129 1149 2218 noso·

218 2266 350 2348 comio
389 2279 565 2370 rogatus,
601 2258 768 2371 quinam
807 2266 966 2347 ratione'
988 2257 1148 2375 quidam

218 2386 312 2468 inibi
345 2382 538 2495 hospitans
571 2381 733 2494 (nempe
763 2385 813 2468 ad
833 2389 958 2469 virum
978 2381 1146 2470 eundem

220 2507 389 2619 digitum
421 2503 681 2616 intendendo)
716 2503 956 2612 insaniverat,
1000 2506 1148 2618 respon·

219 2633 311 2732 dit,
337 2635 539 2717 Hunccine
569 2632 729 2742 opinari,
757 2627 794 2714 se
818 2630 955 2746 Jesum
975 2635 1056 2719 Dei
1080 2629 1149 2713 firi·

218 2785 283 2838 um
303 2750 396 2836 effe:
427 2753 570 2841 Verum
601 2751 701 2836 hisce
726 2755 886 2862 prolatis
911 2784 1006 2838 mox
1025 2755 1147 2864 erupit

218 2875 485 2987 respondentis
516 2876 690 2960 fimiliter
721 2877 875 2980 insania,
903 2879 1032 2990 Atqui
1059 2906 1148 2988 ego·

218 3021 319 3105 met,
355 3003 580 3114 inquientis,
606 3002 712 3088 illius
752 3009 866 3104 Pater
903 3009 1018 3088 Deus
1056 3000 1151 3088 sum.

216 3132 417 3218 Nimirum
452 3156 590 3212 omnes
625 3126 742 3231 iidem
773 3114 907 3215 omnia
934 3155 1077 3238 magna
1095 3128 1149 3211 di-

220 3283 322 3358 cere,
347 3282 484 3338 omnes
519 3255 709 3363 principes
740 3248 829 3356 effe,
855 3253 920 3339 vel
947 3254 1052 3362 apud
1072 3250 1150 3337 eos·

220 3375 309 3459 dem
330 3373 542 3489 plurimdm
563 3376 758 3474 valentes3
787 3403 846 3476 ac,
873 3374 1079 3486 sigradum
1096 3372 1149 3459 su·

219 3505 411 3611 periorem
450 3501 593 3605 ndrint,
629 3503 726 3599 illuc
763 3499 1035 3591 conscendere.
1089 3499 1149 3584 Ab

220 3623 341 3714 alteri
371 3626 465 3710 verd
499 3648 608 3738 parte¹
640 3627 818 3742 exempla
852 3623 998 3735 ubique
1032 3625 1150 3726 jacent

949 3772 1148 3831 avarorum
