2498 4358
262 174 340 281 De
366 169 615 286 Medicina
642 172 836 290 Mentis.
1055 162 1168 338 ‘79‘

84 363 233 448 demin
271 389 363 473 agro
386 364 522 466 divite,
558 367 627 476 qui
653 366 927 449 alimentorum
948 368 1014 445 coss

83 494 189 598 piam
227 488 448 598 profundit,
482 489 550 575 ubi
587 488 695 572 tanti
735 488 924 596 indigenis
954 485 1013 571 so-

82 608 199 696 lertia
232 639 319 695 non
330 638 445 721 opus
477 614 542 712 est,
570 612 841 697 adinveniendi
877 612 1049 737 pariter

80 738 246 827 facultas
276 740 389 854 sopiri
407 740 633 879 cpnsuevit;
660 745 758 830 dum
777 741 922 855 egestas
940 769 1024 836 non

84 874 170 936 tam
196 877 380 965 potenter
418 883 442 937 a
491 875 604 965 tergo
643 873 778 967 urget,
830 858 927 967 quin
964 852 1019 935 la

84 979 182 1063 bore
221 981 347 1062 minus
377 981 572 1090 improbo
612 975 846 1090 affiduoque
869 975 1018 1090 depelli
1075 1058 1110 1087 „.
1128 1066 1140 1079 .,

85 1123 223 1216 queat.
1018 1142 1023 1151 '

97 1364 377 1468 Quanquam
418 1376 555 1442 autem
581 1383 628 1440 ex
643 1349 908 1439 obseruatione
927 1374 1023 1437 cona»
1041 1396 1153 1462 cnm-0
1169 1421 1198 1461 e,

85 1483 193 1586 stet,
214 1480 341 1568 solum
381 1479 624 1593 paludosum,
667 1479 904 1594 craffumque
929 1482 1024 1565 inde
1041 1503 1070 1539 ⁰
1057 1503 1116 1542 m
1135 1502 1196 1543 Μ

86 1610 220 1692 ae'rein
259 1611 383 1689 menti
422 1605 576 1688 bona
566 1605 815 1705 imminuere,
841 1624 962 1718 atque
999 1564 1158 1687 &W

84 1735 282 1819 contrario
300 1733 514 1842 egestatem
547 1729 706 1814 eadem
703 1730 900 1840 adaugere
936 1729 1025 1813 loli

87 1878 176 1942 tam
191 1851 296 1955 olse5
326 1857 512 1967 posterior
530 1874 664 1940 tamen
683 1857 774 1964 plus
806 1853 887 1937 ad
879 1880 1021 1940 acuero.

86 1983 187 2070 dum
226 1981 346 2097 quim
384 1986 490 2092 prius
524 1982 574 2066 ad
610 1984 868 2068 hebetandum
898 1982 1022 2067 valer.

88 2111 215 2213 Cujus
228 2111 283 2191 rei
318 2109 540 2219 exemplum
560 2136 637 2192 non
675 2109 696 2191 ὲ
717 2110 933 2222 longinquo
955 2137 1022 2218 pe·

88 2231 274 2333 tendum,
293 2261 416 2344 quum
452 2240 688 2320 Batavorum
709 2261 799 2344 ager
817 2237 1022 2345 pinguis&

92 2353 369 2468 paludosus&
398 2353 550 2439 inferius
581 2355 671 2442 snus
690 2355 746 2456 fir,
766 2362 835 2468 qui
874 2360 1024 2442 villum

92 2484 233 2568 incolis
278 2477 525 2566 necellurium
585 2509 662 2566 non
710 2482 894 2590 praeber·
949 2484 1026 2568 At-

92 2611 164 2724 qui
195 2604 333 2692 nullibi
368 2611 545 2718 gentium
566 2625 667 2689 artes
699 2610 818 2728 magis
844 2606 1024 2690 excolun-

91 2753 173 2836 tur,
220 2762 307 2847 quae
328 2754 471 2818 naturae
501 2726 763 2817 incommodis
782 2732 1025 2818 subveniunt.

91 2862 195 2943 Hinc
222 2856 456 2971 piscatorum
482 2848 689 2974 quondam
722 2854 936 2986 oppidula
925 2880 1024 2944 mter
1096 2874 1098 2879 ’

93 2984 365 3068 celeberrimas
391 2990 557 3096 Europae
589 2984 738 3071 urbes
741 3006 858 3097 caput
876 2987 1027 3071 extule

92 3128 199 3212 runt,
232 3118 272 3196 &
304 3112 374 3193 viri
406 3106 626 3222 eruditione
654 3095 839 3197 cloriffimi
870 3110 1029 3197 hancfi-

94 3231 135 3312 bi
155 3237 314 3344 patriam
335 3233 535 3318 ornarunt.
602 3235 605 3242 ’

152 3484 243 3571 Nec
261 3483 478 3567 omittenda
517 3483 678 3595 quidem
713 3488 814 3568 inter
853 3509 913 3588 ea,
939 3511 1026 3598 quae
1049 3515 1087 3575 ue
1112 3515 1204 3576 ouer

97 3608 225 3690 menti
259 3606 359 3689 bona
389 3627 546 3717 augent,
586 3608 775 3703 libertam
814 3610 874 3689 uti
893 3611 1028 3713 etiam,
1041 3599 1204 3752 my*

95 3735 199 3817 inter
226 3731 320 3835 brec,
347 3761 433 3845 quae
456 3733 890 3838 mmuunr,serv1t1um
919 3743 1028 3835 Qua-

937 3884 1026 3942 rum
