2498 4358
98 235 170 352 ιι
399 205 478 315 Dc
505 197 755 317 Medicina
781 196 978 314 urentis.

237 381 324 464 dein
367 381 631 492 symptomata
672 384 864 488 originem
904 381 1010 466 suam
1055 378 1175 466 aitiirs

236 503 357 617 quim
392 505 440 587 ab
473 501 698 586 humoribus
738 507 908 613 corporis
943 505 1172 591 deducunt=

236 627 324 710 Ιιιιὸ
345 655 415 708 nec
434 624 482 708 ab
501 623 716 707 eorundem
738 624 1176 734 legibus.pendent‚·.ne-

240 780 320 864 que
341 752 388 834 ad
409 778 587 833 normam
609 751 845 859 reliquarum
868 746 1051 849 febrium,
1078 776 1175 861 qua·

241 877 299 959 les
332 873 505 983 proxime
538 871 721 954 accedere
740 869 938 972 videntur,
967 873 1068 956 tolli
1077 900 1174 958 tou·-

243 994 413 1081 suermunt

71 1260 171 1318 norum
185 1247 228 1329 as·
301 1243 401 1326 Hinc
421 1245 546 1325 etiam
568 1242 764 1325 aemulatio
782 1242 849 1324 illa
867 1239 1078 1330 affeuuum
1093 1272 1179 1327 ner·

67 1337 227 1478 sjssbssm
246 1392 421 1465 veorum,
449 1392 536 1475 quae
569 1365 693 1448 ubivis
726 1367 806 1448 fere
830 1368 1059 1451 'morborum
1086 1395 1179 1451 con.-

70 1495 207 1558 *cuimi-
245 1485 424 1595 spicitur3
452 1517 578 1600 quum
612 1493 675 1570 vix
694 1517 793 1573 unus
823 1489 950 1590 detur,
978 1498 1047 1600 qui
1080 1493 1180 1573 ima-

69 1592 174 1643 'am'
246 1617 378 1724 ginem
408 1613 545 1699 suam
536 1642 572 1696 m
596 1612 751 1697 nervoso
781 1639 921 1723 genere
951 1642 1029 1696 non
1063 1625 1181 1726 agno

247 1735 330 1822 scit.
386 1744 541 1850 Nempe
560 1744 689 1822 omnia
709 1741 813 1822 nrala
834 1739 991 1848 perinde
1013 1767 1059 1822 ac
1080 1740 1181 1825 bona

248 1866 286 1946 in
309 1864 448 1943 mentis
481 1862 588 1974 quast
609 1861 809 1972 speculum
844 1863 982 1964 relata,
1008 1862 1125 1945 illinc.
1145 1864 1180 1943 in

249 1987 418 2089 corporis
439 2005 565 2093 partes
584 1989 777 2092 repercuti
792 1984 986 2069 videntur.
1039 1987 1182 2082 Quini-

249 2134 318 2191 mo
337 2115 376 2192 δι
395 2106 607 2191 fimilitudo
621 2128 732 2192 tanta
754 2138 984 2196 nerveorum
999 2123 1184 2213 cumea-

250 2233 340 2326 teris
360 2228 555 2317 affeuibus
575 2231 610 2314 se
632 2232 761 2330 habet,
788 2255 836 2317 ut
857 2239 933 2316 non
954 2234 1116 2341 cujusvis
1139 2233 1182 2315 rit

252 2354 364 2439 hosce
384 2356 433 2438 ab
447 2357 718 2465 iilisprotinus
738 2359 971 2466 dignoscere.
1026 2359 1089 2441 Est
1107 2361 1184 2439 eti-

252 2507 316 2565 am
337 2478 405 2560 ubi
425 2480 723 2580 intertexuntur,
751 2487 786 2564 u
810 2485 923 2563 miras
941 2497 1085 2562 naturae
1101 2500 1185 2564 tur-

252 2606 320 2688 bas
347 2608 517 2689 excitant
539 2610 666 2712 nervei
689 2611 830 2690 caeteris
858 2604 1108 2716 superadditi,
1138 2624 1185 2690 ut

253 2733 318 2814 vix
345 2729 491 2839 liqueat
513 2729 578 2815 nisi
597 2729 747 2813 attente
774 2729 1038 2830 consideranti,
1065 2729 1183 2841 quale

253 2855 404 2961 expetit
429 2873 568 2935 natura
595 2854 796 2951 auritium,
824 2853 918 2946 dum
947 2851 1093 2933 indices
1123 2851 1187 2934 ·di-

255 2974 359 3060 versa
390 2995 578 3071 monent;
606 2973 710 3084 quasi
738 2973 880 3056 scilicet
909 2998 1043 3056 natura
1062 2975 1185 3058 veliet

256 3100 440 3185 contraria
460 3108 498 3185 δι
518 3099 583 3182 sibi
600 3103 860 3210 repugnantia,
877 3121 960 3192 aut
978 3099 1086 3185 certe
1104 3101 1184 3211 ipsa

254 3239 291 3324 iu
312 3227 452 3310 eodem
475 3224 631 3306 homine
658 3224 802 3334 duplex
822 3223 1033 3306 videretur
1086 3234 1187 3314 Om-

254 3353 314 3437 nia
342 3369 476 3469 autem
499 3347 620 3429 isthaec
641 3345 830 3449 ejusmodi
858 3346 967 3443 fiunt,
996 3350 1186 3471 quoniam

257 3503 367 3556 mens
386 3478 464 3556 toti
465 3458 562 3556 serit
583 3477 746 3581 corpori,
772 3470 949 3584 illiusque
971 3471 1122 3582 legibus
1141 3501 1187 3556 ac

256 3619 400 3680 naturae
416 3596 620 3695 dominari,
646 3594 856 3707 omniaque
870 3625 1077 3681 nervorum
1093 3622 1187 3705 ope·

256 3747 297 3816 ra
283 3716 488 3806 sentient
462 3739 514 3802 ua
534 3720 684 3849 sibimet
700 3715 883 3825 subjicere
906 3746 978 3802 con
981 3717 1120 3802 suevit:

982 3835 1186 3926 Caeterum
