2498 4358
73 263 148 409 84
394 274 472 383 Dr
495 269 743 386 Medicina
770 277 970 390 Mentis.

217 457 350 543 medii
361 463 557 563 convenit,
576 487 653 547 non
671 469 764 552 veti>
784 464 1051 569 valentiffimi,
1063 488 1154 579 que

219 580 305 662 raro
325 601 413 666 tuta
434 581 532 667 hisce
557 587 701 669 naturis
715 587 921 673 exhibetur
947 624 957 672 ι
993 588 1153 674 Exerci-

218 705 386 785 tationes
407 704 496 787 dein
518 701 654 789 affidue
675 706 797 810 lenes,
823 708 1040 795 ambulatio
1058 733 1152 817 pta·

218 819 350 907 sertim
365 853 408 909 ac
428 829 588 937 gestatio
610 846 701 911 ante
724 830 869 916 cibum.
924 829 1040 915 Hisce
1060 855 1151 915 con·

218 944 425 1037 sulendum
451 953 586 1051 etiam,
613 970 660 1034 ut
678 954 815 1062 primas
842 954 923 1036 vias
956 949 1151 1065 perpetuo

218 1065 443 1182 repurgatas
489 1070 669 1175 habeant,
714 1074 838 1187 utque
886 1075 929 1158 id
973 1089 1149 1161 curarent

219 1191 386 1277 maxime
426 1222 476 1276 ne
505 1196 636 1277 latices
656 1199 741 1305 puri
777 1226 847 1308 per
878 1193 1149 1282 minutiffimos

218 1321 391 1430 corporis
423 1322 600 1402 tramites
619 1320 809 1407 circulum
838 1352 914 1407 non
937 1318 1149 1408 absolvant.

222 1445 360 1554 Atque
385 1447 439 1526 ita
476 1441 688 1526 immodica
729 1447 862 1529 omnia
898 1443 1037 1556 fugere
1083 1468 1148 1556 per

220 1569 287 1670 est,
316 1567 441 1652 modo
478 1565 578 1651 hisce
610 1566 717 1651 cordi
757 1565 803 1650 fit
849 1594 992 1678 corpus
1024 1567 1147 1652 menti

219 1701 419 1809 adaptare,
443 1694 564 1809 idque
595 1713 863 1804 comparatum
896 1694 1051 1796 habere,
1079 1722 1147 1780 ex·

219 1822 400 1932 peditum
422 1846 467 1902 ac
489 1817 638 1928 prorsus
654 1817 837 1900 idoneum
854 1816 903 1901 ad
924 1816 1033 1902 illius
1047 1821 1145 1930 priu-

218 1946 311 2053 cipis
343 1941 549 2022 ministeria
582 1938 756 2024 alacriter
801 1947 841 2025 &
874 1966 966 2024 cum
1013 1937 1150 2044 debiti,

218 2065 296 2149 fide
330 2063 524 2149 obeunda.

65 2299 193 2360 Mum·
272 2312 456 2396 Alterum
494 2313 583 2393 vitae
614 2335 734 2418 genus
766 2310 820 2391 est
860 2309 1048 2411 militare,
1093 2307 1140 2394 ad

216 2431 325 2546 quod
355 2433 541 2517 educatio
579 2432 879 2515 accommodare
907 2431 1030 2515 debet
1049 2458 1140 2516 non·

213 2558 321 2644 nulla
350 2584 400 2642 ex
429 2577 616 2668 utroque,
640 2573 688 2640 ut
720 2553 815 2638 dum
849 2558 888 2636 in
918 2557 1048 2639 castris
1074 2554 1141 2638 mi·

213 2693 316 2788 litet,
341 2674 600 2766 valentitsmis
627 2696 763 2761 utatur
781 2679 927 2782 juvenis
951 2676 1045 2762 cibo
1075 2705 1140 2790 po-

213 2811 353 2920 tuque,
383 2829 429 2885 ac
464 2798 624 2913 quando
654 2801 693 2881 in
725 2799 823 2883 urbe
844 2799 977 2910 degat,
1004 2796 1140 2885 transe-

175 2970 179 2977 ·
214 2932 395 3025 arinca,
421 2950 510 3034 quae
543 2918 692 3004 urbanae
723 2923 813 3005 vitae
843 2924 968 3031 magis
1001 2920 1138 3008 idonea

213 3047 313 3134 sunt.
365 3050 455 3129 Huc
480 3062 614 3128 autem
648 3039 791 3153 spectat
815 3045 916 3128 ratio
934 3048 1087 3129 Heroes
1102 3072 1138 3126 e

214 3169 379 3257 ducendi
409 3174 586 3253 Homero
619 3172 660 3250 &
701 3166 867 3251 Pindaro
905 3166 1137 3264 decantata;

213 3296 360 3382 scilicet
377 3290 481 3402 apud
500 3288 720 3375 Chironem
746 3293 786 3370 in
818 3293 965 3400 campis
983 3283 1136 3376 Thetta-

212 3421 260 3502 iis
280 3461 290 3518 ς
310 3418 378 3504 ubi
396 3444 464 3500 eos
482 3439 558 3498 non
579 3409 644 3495 nifi
663 3413 776 3522 equis
792 3410 998 3495 infidentes
1014 3411 1040 3523 ὲ
1059 3412 1136 3495 lon·

213 3535 362 3641 ginquo
388 3525 575 3637 speculati
619 3524 753 3605 incolae
777 3523 1007 3625 Centaurea,
1047 3547 1135 3636 qua·

211 3652 311 3734 fiex
347 3650 519 3734 humano
546 3672 641 3731 cum
669 3649 819 3757 equino
852 3672 1015 3757 corpore
1050 3673 1135 3732 con·

208 3779 335 3882 juncto
382 3774 598 3860 constanter
625 3771 842 3856 crederent.
912 3774 956 3856 In
993 3768 1134 3876 scopuli

992 3918 1132 4003 nempe
