2498 4358
248 230 328 340 De
355 224 608 345 Medicina
637 227 837 344 Mentis.
1092 263 1151 343 11

80 415 254 535 proferre
284 414 405 517 valet,
433 409 616 527 srquando
649 405 759 495 hasce
792 407 1013 524 inspiciendi

82 560 153 628 aut
173 540 253 646 alijs
273 536 556 649 cognoscendas
576 531 795 660 subjiciendi
815 537 1014 626 confilium

79 665 312 782 instituatur.

138 929 238 1009 Hinc
255 925 426 1008 maxima
444 923 569 1006 oritur
588 919 796 1021 diverfitas,
822 939 941 1027 prout
958 916 1016 1005 fa·
1034 952 1186 1033 narraras

85 1050 252 1134 cultates
280 1045 433 1158 singulae
454 1049 579 1156 magis
604 1041 773 1128 mindsve
797 1049 942 1154 vigent,
971 1073 1015 1131 ac
1029 1052 1163 1189 mg!

84 1196 201 1287 prout
215 1172 278 1258 sua
293 1198 458 1285 quaeque
472 1170 610 1255 auxilia
623 1171 739 1278 judici
753 1169 1016 1281 suppeditant;
1033 1204 1192 1275 praecaria

86 1301 191 1386 unde
211 1305 247 1383 in
274 1304 348 1382 hoc
370 1299 434 1380 vel
451 1297 551 1383 illud
577 1298 764 1403 judi-cium
782 1297 999 1408 propendet
1007 1339 1018 1396 ς
1037 1281 1120 1338 '‘W“

84 1425 218 1508 utrdm
230 1425 272 1513 id
286 1425 355 1510 fiat
367 1445 527 1538 propter
540 1422 893 1526 infirmitatemver
906 1421 1018 1534 quird

86 1554 270 1661 opinione
283 1550 417 1664 aliqud
435 1569 692 1661 occupentur,
716 1553 825 1657 cujus
838 1574 1019 1632 monteri·

87 1694 178 1758 tum
215 1675 494 1787 praeponderat.
547 1672 904 1770 Quemadmodum
937 1697 1017 1753 vert

88 1798 199 1906 supra
220 1803 383 1885 modum
402 1800 504 1881 elata
523 1795 707 1882 surdastro
739 1824 890 1881 necnon
910 1795 1018 1877 rusti·

90 1948 138 2004 co
160 1941 264 2032 grata
277 1925 343 2026 eii,
370 1918 485 2033 aqud
498 1941 629 2004 tamen
648 1948 757 2006 aures
773 1921 950 2005 delicatae
964 1918 1020 1998 vi·
1056 1932 1058 1937 “

87 2045 256 2128 olantur.
311 2049 425 2132 Varia
454 2043 599 2137 hinc&
626 2044 762 2131 harum
782 2065 902 2156 atque
928 2039 1019 2123 illo·

89 2197 178 2266 rum
200 2166 250 2248 de
270 2165 414 2251 eidem
440 2169 604 2277 judicia3
632 2177 778 2284 quippe
800 2170 879 2255 soni
906 2163 1021 2250 vehe-

89 2294 239 2376 mentia
258 2287 432 2379 surdastri
451 2322 559 2376 aures
576 2321 654 2379 non
679 2296 758 2377 alio
779 2290 926 2405 prorsus
944 2292 1021 2372 ritu

88 2413 197 2516 ferit,
222 2410 344 2528 quam
382 2442 462 2526 quo
489 2414 665 2503 submissa
694 2445 768 2502 vox
789 2415 888 2498 berre
919 2414 1023 2497 sanas

92 2527 316 2635 consuevit5
334 2534 416 2649 >qui
433 2537 480 2622 fit
497 2561 547 2624 nt
565 2540 664 2624 clare
682 2538 851 2624 eundem
873 2537 1023 2635 audiat,

90 2685 165 2751 nec
180 2664 346 2770 graviter·
371 2659 485 2749 ferat.
539 2666 717 2749 Rusticus
742 2660 893 2746 tametsr
916 2658 1024 2743 audi-

89 2802 156 2865 tus
168 2781 235 2890 ipsr
252 2789 395 2894 pariter
409 2806 530 2897 atque
542 2788 698 2892 ,urbano
716 2789 857 2897 vigeat,
878 2783 1024 2866 clamo·

89 2934 174 2990 rem
197 2927 332 2991 tamen
351 2913 389 2993 in
409 2909 520 3020 sylvis
542 2942 632 2999 cum
653 2911 793 3022 gaudio
813 2911 953 2994 tollere
971 2904 1024 2990 as·

90 3027 233 3130 suetus,
261 3033 386 3124 altam
399 3037 440 3116 in
460 3034 756 3166 delicijsxvocenr
771 3034 898 3119 habet.

148 3273 329 3362 prosena
344 3306 389 3364 ea
409 3281 552 3364 mentis
576 3281 748 3365 conditio
770 3278 1025 3364 admiratione
1044 3297 1198 3372 Menam

94 3397 307 3509 digniffrma
335 3401 398 3499 est,
426 3408 532 3511 cujus
563 3408 673 3490 varia
701 3402 908 3488 facultates
937 3432 1024 3487 mu·
1042 3384 1185 3522 ’ἵζων

93 3525 163 3626 nijs
177 3551 342 3638 quaeque
355 3521 431 3608 suis
445 3529 517 3608 rite
532 3523 772 3637 fungentum
801 3527 865 3610 ubi
880 3553 950 3611 nec
965 3528 1027 3612 ul-

92 3648 132 3730 la
153 3650 257 3732 inter
282 3647 320 3730 se
341 3653 591 3763 repugnantia
611 3655 768 3754 eximias
795 3649 1027 3765 fingularum

93 3770 211 3861 dotes
241 3776 371 3871 irritas
397 3773 541 3872 reddit.
610 3776 764 3888 ¹Quibus
792 3775 877 3868 sane*
902 3777 1027 3857 nomi-

103 3931 106 3938 ·
916 3893 1033 3983 nibna
