<?xml version="1.0" encoding="UTF-8"?>
<!DOCTYPE html PUBLIC "-//W3C//DTD XHTML 1.0 Transitional//EN"
    "http://www.w3.org/TR/xhtml1/DTD/xhtml1-transitional.dtd">
<html xmlns="http://www.w3.org/1999/xhtml" xml:lang="en" lang="en">
 <head>
  <title>
</title>
<meta http-equiv="Content-Type" content="text/html;charset=utf-8" />
  <meta name='ocr-system' content='tesseract 3.04.00' />
  <meta name='ocr-capabilities' content='ocr_page ocr_carea ocr_par ocr_line ocrx_word'/>
</head>
<body>
  <div class='ocr_page' id='page_1' title='image "./robertiwelstedd00welsgoog_0040.png"; bbox 0 0 2490 4290; ppageno 0'>
   <div class='ocr_carea' id='block_1_1' title="bbox 54 196 1155 2215">
    <p class='ocr_par' dir='ltr' id='par_1_1' title="bbox 52 196 1155 2215">
     <span class='ocr_line' id='line_1_1' title="bbox 54 196 970 329; baseline -0.016 -9"><span class='ocrx_word' id='word_1_1' title='bbox 54 217 144 329; x_wconf 66' lang='lat' dir='ltr'>Vll)</span> <span class='ocrx_word' id='word_1_2' title='bbox 339 196 571 306; x_wconf 73' lang='lat' dir='ltr'><em>P-RAE</em></span> <span class='ocrx_word' id='word_1_3' title='bbox 600 204 724 309; x_wconf 70' lang='grc' dir='ltr'><em>Μ</em></span> <span class='ocrx_word' id='word_1_4' title='bbox 762 199 822 306; x_wconf 75' lang='lat' dir='ltr'>‘s</span> <span class='ocrx_word' id='word_1_5' title='bbox 848 204 970 313; x_wconf 62' lang='lat' dir='ltr'>lo,</span> 
     </span>
     <span class='ocr_line' id='line_1_2' title="bbox 197 374 1137 488; baseline -0.006 -29"><span class='ocrx_word' id='word_1_6' title='bbox 197 377 404 461; x_wconf 86' lang='lat' dir='ltr'>Enimvero</span> <span class='ocrx_word' id='word_1_7' title='bbox 452 404 570 488; x_wconf 90' lang='lat' dir='ltr'>opera</span> <span class='ocrx_word' id='word_1_8' title='bbox 624 374 810 480; x_wconf 86' lang='lat' dir='ltr'>ejusmodi</span> <span class='ocrx_word' id='word_1_9' title='bbox 868 374 1137 459; x_wconf 87' lang='lat' dir='ltr'>valetudinem</span> 
     </span>
     <span class='ocr_line' id='line_1_3' title="bbox 201 494 1139 609; baseline -0.01 -23.884"><span class='ocrx_word' id='word_1_10' title='bbox 201 503 346 585; x_wconf 82' lang='lat' dir='ltr'>mentis</span> <span class='ocrx_word' id='word_1_11' title='bbox 365 494 715 582; x_wconf 77' lang='lat' dir='ltr'>commodissimam</span> <span class='ocrx_word' id='word_1_12' title='bbox 740 520 862 609; x_wconf 87' lang='lat' dir='ltr'>atque</span> <span class='ocrx_word' id='word_1_13' title='bbox 891 495 1139 582; x_wconf 71' lang='lat' dir='ltr'>firmilianum</span> 
     </span>
     <span class='ocr_line' id='line_1_4' title="bbox 127 614 1141 731; baseline -0.014 -21.033"><span class='ocrx_word' id='word_1_14' title='bbox 127 614 463 731; x_wconf 53' lang='lat' dir='ltr'>ffsputefaciuuu</span> <span class='ocrx_word' id='word_1_15' title='bbox 504 647 592 731; x_wconf 84' lang='lat' dir='ltr'>quae</span> <span class='ocrx_word' id='word_1_16' title='bbox 626 619 787 730; x_wconf 84' lang='lat' dir='ltr'>quidem</span> <span class='ocrx_word' id='word_1_17' title='bbox 818 618 905 730; x_wconf 86' lang='lat' dir='ltr'>(uti</span> <span class='ocrx_word' id='word_1_18' title='bbox 941 618 1050 728; x_wconf 71' lang='lat' dir='ltr'>supra</span> <span class='ocrx_word' id='word_1_19' title='bbox 1081 617 1141 697; x_wconf 78' lang='lat' dir='ltr'>di·</span> 
     </span>
     <span class='ocr_line' id='line_1_5' title="bbox 207 737 1143 852; baseline -0.012 -21.21"><span class='ocrx_word' id='word_1_20' title='bbox 207 753 315 837; x_wconf 72' lang='lat' dir='ltr'>diurn</span> <span class='ocrx_word' id='word_1_21' title='bbox 335 741 430 852; x_wconf 82' lang='lat' dir='ltr'>fuit)</span> <span class='ocrx_word' id='word_1_22' title='bbox 459 768 594 826; x_wconf 87' lang='lat' dir='ltr'>norma</span> <span class='ocrx_word' id='word_1_23' title='bbox 612 743 680 841; x_wconf 87' lang='lat' dir='ltr'>est,</span> <span class='ocrx_word' id='word_1_24' title='bbox 707 739 893 850; x_wconf 85' lang='lat' dir='ltr'>adquam</span> <span class='ocrx_word' id='word_1_25' title='bbox 919 737 1029 825; x_wconf 73' lang='lat' dir='ltr'>male</span> <span class='ocrx_word' id='word_1_26' title='bbox 1058 740 1143 822; x_wconf 86' lang='lat' dir='ltr'>lana</span> 
     </span>
     <span class='ocr_line' id='line_1_6' title="bbox 209 865 1144 984; baseline -0.009 -31"><span class='ocrx_word' id='word_1_27' title='bbox 209 871 322 984; x_wconf 82' lang='lat' dir='ltr'>iplius</span> <span class='ocrx_word' id='word_1_28' title='bbox 341 867 514 954; x_wconf 83' lang='lat' dir='ltr'>conditio</span> <span class='ocrx_word' id='word_1_29' title='bbox 540 868 646 974; x_wconf 84' lang='lat' dir='ltr'>exigi</span> <span class='ocrx_word' id='word_1_30' title='bbox 676 865 809 948; x_wconf 90' lang='lat' dir='ltr'>debet.</span> <span class='ocrx_word' id='word_1_31' title='bbox 864 870 1000 976; x_wconf 87' lang='lat' dir='ltr'>Siqua</span> <span class='ocrx_word' id='word_1_32' title='bbox 1035 868 1144 947; x_wconf 87' lang='lat' dir='ltr'>enim</span> 
     </span>
     <span class='ocr_line' id='line_1_7' title="bbox 210 984 1144 1098; baseline -0.016 -16"><span class='ocrx_word' id='word_1_33' title='bbox 210 992 276 1083; x_wconf 73' lang='lat' dir='ltr'>vel</span> <span class='ocrx_word' id='word_1_34' title='bbox 307 987 459 1098; x_wconf 81' lang='lat' dir='ltr'>longius</span> <span class='ocrx_word' id='word_1_35' title='bbox 496 989 546 1069; x_wconf 88' lang='lat' dir='ltr'>de</span> <span class='ocrx_word' id='word_1_36' title='bbox 582 985 720 1069; x_wconf 81' lang='lat' dir='ltr'>eidem</span> <span class='ocrx_word' id='word_1_37' title='bbox 758 987 955 1086; x_wconf 73' lang='lat' dir='ltr'>deflectat,</span> <span class='ocrx_word' id='word_1_38' title='bbox 997 984 1061 1068; x_wconf 82' lang='lat' dir='ltr'>uel</span> <span class='ocrx_word' id='word_1_39' title='bbox 1082 984 1144 1073; x_wconf 74' lang='lat' dir='ltr'>¹ad</span> 
     </span>
     <span class='ocr_line' id='line_1_8' title="bbox 212 1104 1148 1223; baseline -0.014 -25"><span class='ocrx_word' id='word_1_40' title='bbox 212 1114 307 1201; x_wconf 81' lang='lat' dir='ltr'>lunc</span> <span class='ocrx_word' id='word_1_41' title='bbox 328 1109 483 1223; x_wconf 77' lang='lat' dir='ltr'>propius</span> <span class='ocrx_word' id='word_1_42' title='bbox 503 1108 679 1210; x_wconf 80' lang='lat' dir='ltr'>accedat,</span> <span class='ocrx_word' id='word_1_43' title='bbox 706 1112 848 1222; x_wconf 85' lang='lat' dir='ltr'>aliquis</span> <span class='ocrx_word' id='word_1_44' title='bbox 884 1106 1017 1193; x_wconf 76' lang='lat' dir='ltr'>saltent</span> <span class='ocrx_word' id='word_1_45' title='bbox 1052 1104 1148 1189; x_wconf 84' lang='lat' dir='ltr'>sani·</span> 
     </span>
     <span class='ocr_line' id='line_1_9' title="bbox 214 1232 1149 1345; baseline -0.014 -24"><span class='ocrx_word' id='word_1_46' title='bbox 214 1239 305 1321; x_wconf 86' lang='lat' dir='ltr'>tatis</span> <span class='ocrx_word' id='word_1_47' title='bbox 337 1236 474 1345; x_wconf 90' lang='lat' dir='ltr'>gradus</span> <span class='ocrx_word' id='word_1_48' title='bbox 503 1233 659 1324; x_wconf 79' lang='lat' dir='ltr'>deficiat</span> <span class='ocrx_word' id='word_1_49' title='bbox 698 1232 841 1315; x_wconf 86' lang='lat' dir='ltr'>necelle</span> <span class='ocrx_word' id='word_1_50' title='bbox 882 1235 946 1316; x_wconf 87' lang='lat' dir='ltr'>est.</span> <span class='ocrx_word' id='word_1_51' title='bbox 1000 1235 1149 1314; x_wconf 83' lang='lat' dir='ltr'>Interea</span> 
     </span>
     <span class='ocr_line' id='line_1_10' title="bbox 169 1327 1150 1472; baseline -0.02 -23"><span class='ocrx_word' id='word_1_52' title='bbox 169 1423 172 1430; x_wconf 34' lang='grc' dir='ltr'><strong><em>ι</em></strong></span> <span class='ocrx_word' id='word_1_53' title='bbox 214 1363 452 1472; x_wconf 78' lang='lat' dir='ltr'>praecipuum</span> <span class='ocrx_word' id='word_1_54' title='bbox 480 1359 582 1442; x_wconf 88' lang='lat' dir='ltr'>inter</span> <span class='ocrx_word' id='word_1_55' title='bbox 601 1355 678 1440; x_wconf 85' lang='lat' dir='ltr'>hacc</span> <span class='ocrx_word' id='word_1_56' title='bbox 706 1384 823 1466; x_wconf 86' lang='lat' dir='ltr'>opera</span> <span class='ocrx_word' id='word_1_57' title='bbox 858 1356 992 1440; x_wconf 85' lang='lat' dir='ltr'>locum</span> <span class='ocrx_word' id='word_1_58' title='bbox 1024 1327 1150 1453; x_wconf 71' lang='lat' dir='ltr'>Poelis</span> 
     </span>
     <span class='ocr_line' id='line_1_11' title="bbox 214 1476 1149 1592; baseline -0.019 -20"><span class='ocrx_word' id='word_1_59' title='bbox 214 1483 282 1575; x_wconf 79' lang='lat' dir='ltr'>sibi</span> <span class='ocrx_word' id='word_1_60' title='bbox 318 1484 515 1584; x_wconf 84' lang='lat' dir='ltr'>vendicat,</span> <span class='ocrx_word' id='word_1_61' title='bbox 558 1483 682 1592; x_wconf 86' lang='lat' dir='ltr'>qualis</span> <span class='ocrx_word' id='word_1_62' title='bbox 730 1479 882 1562; x_wconf 77' lang='lat' dir='ltr'>consilia</span> <span class='ocrx_word' id='word_1_63' title='bbox 925 1476 1149 1590; x_wconf 84' lang='lat' dir='ltr'>sapientium</span> 
     </span>
     <span class='ocr_line' id='line_1_12' title="bbox 217 1602 1148 1719; baseline -0.011 -27"><span class='ocrx_word' id='word_1_64' title='bbox 217 1605 328 1719; x_wconf 86' lang='lat' dir='ltr'>super</span> <span class='ocrx_word' id='word_1_65' title='bbox 359 1605 432 1690; x_wconf 77' lang='lat' dir='ltr'>haic</span> <span class='ocrx_word' id='word_1_66' title='bbox 464 1631 505 1685; x_wconf 90' lang='lat' dir='ltr'>re</span> <span class='ocrx_word' id='word_1_67' title='bbox 540 1602 810 1714; x_wconf 69' lang='lat' dir='ltr'>complectitur</span> <span class='ocrx_word' id='word_1_68' title='bbox 821 1644 831 1701; x_wconf 88' lang='lat'>;</span> <span class='ocrx_word' id='word_1_69' title='bbox 875 1605 997 1683; x_wconf 89' lang='lat' dir='ltr'>inania</span> <span class='ocrx_word' id='word_1_70' title='bbox 1035 1625 1148 1708; x_wconf 85' lang='lat' dir='ltr'>repu-</span> 
     </span>
     <span class='ocr_line' id='line_1_13' title="bbox 220 1723 1155 1837; baseline -0.014 -23"><span class='ocrx_word' id='word_1_71' title='bbox 220 1733 317 1834; x_wconf 85' lang='lat' dir='ltr'>diat,</span> <span class='ocrx_word' id='word_1_72' title='bbox 357 1738 394 1814; x_wconf 90' lang='lat'>&amp;</span> <span class='ocrx_word' id='word_1_73' title='bbox 433 1723 547 1837; x_wconf 56' lang='lat' dir='ltr'>prave*</span> <span class='ocrx_word' id='word_1_74' title='bbox 584 1727 750 1830; x_wconf 84' lang='lat' dir='ltr'>judicata</span> <span class='ocrx_word' id='word_1_75' title='bbox 787 1723 940 1806; x_wconf 76' lang='lat' dir='ltr'>illatlve</span> <span class='ocrx_word' id='word_1_76' title='bbox 984 1725 1155 1829; x_wconf 87' lang='lat' dir='ltr'>castigat,</span> 
     </span>
     <span class='ocr_line' id='line_1_14' title="bbox 219 1847 1155 1962; baseline -0.011 -27"><span class='ocrx_word' id='word_1_77' title='bbox 219 1849 339 1962; x_wconf 74' lang='lat' dir='ltr'>atque</span> <span class='ocrx_word' id='word_1_78' title='bbox 373 1853 495 1958; x_wconf 83' lang='lat' dir='ltr'>exigit</span> <span class='ocrx_word' id='word_1_79' title='bbox 531 1847 579 1932; x_wconf 88' lang='lat' dir='ltr'>ad</span> <span class='ocrx_word' id='word_1_80' title='bbox 614 1875 793 1931; x_wconf 83' lang='lat' dir='ltr'>normam</span> <span class='ocrx_word' id='word_1_81' title='bbox 834 1855 942 1929; x_wconf 72' lang='lat' dir='ltr'>recta</span> <span class='ocrx_word' id='word_1_82' title='bbox 980 1851 1155 1943; x_wconf 85' lang='lat' dir='ltr'>tationis,</span> 
     </span>
     <span class='ocr_line' id='line_1_15' title="bbox 219 1969 1153 2085; baseline -0.006 -27"><span class='ocrx_word' id='word_1_83' title='bbox 219 2001 264 2070; x_wconf 77' lang='lat' dir='ltr'>ac</span> <span class='ocrx_word' id='word_1_84' title='bbox 283 1973 443 2085; x_wconf 81' lang='lat' dir='ltr'>proinde</span> <span class='ocrx_word' id='word_1_85' title='bbox 463 1975 535 2052; x_wconf 87' lang='lat' dir='ltr'>iter</span> <span class='ocrx_word' id='word_1_86' title='bbox 567 1970 705 2080; x_wconf 81' lang='lat' dir='ltr'>infigne</span> <span class='ocrx_word' id='word_1_87' title='bbox 738 1973 923 2053; x_wconf 84' lang='lat' dir='ltr'>monstrat</span> <span class='ocrx_word' id='word_1_88' title='bbox 957 1969 1004 2050; x_wconf 89' lang='lat' dir='ltr'>ad</span> <span class='ocrx_word' id='word_1_89' title='bbox 1024 1996 1153 2075; x_wconf 80' lang='lat' dir='ltr'>aquas</span> 
     </span>
     <span class='ocr_line' id='line_1_16' title="bbox 223 2086 1153 2215; baseline -0.022 -33"><span class='ocrx_word' id='word_1_90' title='bbox 223 2119 370 2215; x_wconf 76' lang='lat' dir='ltr'>natutae</span> <span class='ocrx_word' id='word_1_91' title='bbox 389 2095 497 2205; x_wconf 85' lang='lat' dir='ltr'>leges</span> <span class='ocrx_word' id='word_1_92' title='bbox 517 2089 753 2192; x_wconf 86' lang='lat' dir='ltr'>sanciendas;</span> <span class='ocrx_word' id='word_1_93' title='bbox 790 2095 929 2202; x_wconf 89' lang='lat' dir='ltr'>quibus</span> <span class='ocrx_word' id='word_1_94' title='bbox 958 2086 1153 2184; x_wconf 80' lang='lat' dir='ltr'>emendari</span> 
     </span>
    </p>
   </div>
   <div class='ocr_carea' id='block_1_2' title="bbox 221 2218 873 2330">
    <p class='ocr_par' dir='ltr' id='par_1_2' title="bbox 221 2218 873 2330">
     <span class='ocr_line' id='line_1_17' title="bbox 221 2218 873 2330; baseline -0.009 -26"><span class='ocrx_word' id='word_1_95' title='bbox 221 2249 268 2324; x_wconf 74' lang='lat' dir='ltr'>gc</span> <span class='ocrx_word' id='word_1_96' title='bbox 288 2222 377 2319; x_wconf 73' lang='lat' dir='ltr'>dein</span> <span class='ocrx_word' id='word_1_97' title='bbox 396 2222 544 2328; x_wconf 86' lang='lat' dir='ltr'>integra</span> <span class='ocrx_word' id='word_1_98' title='bbox 564 2218 722 2330; x_wconf 81' lang='lat' dir='ltr'>praestari</span> <span class='ocrx_word' id='word_1_99' title='bbox 741 2238 873 2330; x_wconf 83' lang='lat' dir='ltr'>queat.</span> 
     </span>
    </p>
   </div>
   <div class='ocr_carea' id='block_1_3' title="bbox 49 2477 1169 3866">
    <p class='ocr_par' dir='ltr' id='par_1_3' title="bbox 49 2477 1168 3836">
     <span class='ocr_line' id='line_1_18' title="bbox 49 2477 1157 2597; baseline -0.003 -33"><span class='ocrx_word' id='word_1_100' title='bbox 49 2529 250 2597; x_wconf 50' lang='lat' dir='ltr'>flung„</span> <span class='ocrx_word' id='word_1_101' title='bbox 229 2479 622 2594; x_wconf 83' lang='lat' dir='ltr'>Quandoquidem</span> <span class='ocrx_word' id='word_1_102' title='bbox 675 2497 818 2562; x_wconf 86' lang='lat' dir='ltr'>autem</span> <span class='ocrx_word' id='word_1_103' title='bbox 854 2477 932 2562; x_wconf 82' lang='lat' dir='ltr'>haec</span> <span class='ocrx_word' id='word_1_104' title='bbox 972 2479 1053 2563; x_wconf 86' lang='lat' dir='ltr'>fieri</span> <span class='ocrx_word' id='word_1_105' title='bbox 1092 2477 1157 2563; x_wconf 81' lang='lat' dir='ltr'>nisi</span> 
     </span>
     <span class='ocr_line' id='line_1_19' title="bbox 53 2602 1158 2718; baseline 0 -34"><span class='ocrx_word' id='word_1_106' title='bbox 53 2610 165 2690; x_wconf 59' lang='lat' dir='ltr'>batte-cs</span> <span class='ocrx_word' id='word_1_107' title='bbox 225 2625 351 2699; x_wconf 79' lang='lat' dir='ltr'>aetate</span> <span class='ocrx_word' id='word_1_108' title='bbox 364 2632 531 2718; x_wconf 85' lang='lat' dir='ltr'>quaeque</span> <span class='ocrx_word' id='word_1_109' title='bbox 559 2602 623 2688; x_wconf 86' lang='lat' dir='ltr'>sua</span> <span class='ocrx_word' id='word_1_110' title='bbox 643 2625 849 2715; x_wconf 85' lang='lat' dir='ltr'>nequeant,</span> <span class='ocrx_word' id='word_1_111' title='bbox 889 2606 976 2687; x_wconf 90' lang='lat' dir='ltr'>ideo</span> <span class='ocrx_word' id='word_1_112' title='bbox 997 2632 1083 2717; x_wconf 86' lang='lat' dir='ltr'>quae</span> <span class='ocrx_word' id='word_1_113' title='bbox 1110 2605 1158 2685; x_wconf 91' lang='lat' dir='ltr'>ad</span> 
     </span>
     <span class='ocr_line' id='line_1_20' title="bbox 53 2697 1159 2842; baseline -0.004 -30"><span class='ocrx_word' id='word_1_114' title='bbox 53 2697 98 2765; x_wconf 50' lang='grc' dir='ltr'><em>θ</em></span> <span class='ocrx_word' id='word_1_115' title='bbox 100 2705 121 2752; x_wconf 65' lang='lat'><em>⁸</em></span> <span class='ocrx_word' id='word_1_116' title='bbox 183 2731 440 2842; x_wconf 72' lang='lat' dir='ltr'>peculiares</span> <span class='ocrx_word' id='word_1_117' title='bbox 458 2734 653 2837; x_wconf 84' lang='lat' dir='ltr'>pertinent</span> <span class='ocrx_word' id='word_1_118' title='bbox 671 2749 802 2808; x_wconf 79' lang='lat' dir='ltr'>aetates</span> <span class='ocrx_word' id='word_1_119' title='bbox 822 2726 980 2808; x_wconf 84' lang='lat' dir='ltr'>subinde</span> <span class='ocrx_word' id='word_1_120' title='bbox 999 2755 1159 2812; x_wconf 87' lang='lat' dir='ltr'>monere</span> 
     </span>
     <span class='ocr_line' id='line_1_21' title="bbox 226 2850 1160 2956; baseline -0.009 -18"><span class='ocrx_word' id='word_1_121' title='bbox 226 2851 334 2938; x_wconf 87' lang='lat' dir='ltr'>haud</span> <span class='ocrx_word' id='word_1_122' title='bbox 360 2851 530 2936; x_wconf 87' lang='lat' dir='ltr'>alienum</span> <span class='ocrx_word' id='word_1_123' title='bbox 564 2850 630 2930; x_wconf 85' lang='lat' dir='ltr'>est.</span> <span class='ocrx_word' id='word_1_124' title='bbox 656 2856 775 2944; x_wconf 82' lang='lat' dir='ltr'>Quo</span> <span class='ocrx_word' id='word_1_125' title='bbox 809 2859 920 2956; x_wconf 68' lang='lat' dir='ltr'>padio</span> <span class='ocrx_word' id='word_1_126' title='bbox 953 2855 1072 2934; x_wconf 88' lang='lat' dir='ltr'>etiam</span> <span class='ocrx_word' id='word_1_127' title='bbox 1111 2851 1160 2932; x_wconf 87' lang='lat' dir='ltr'>de</span> 
     </span>
     <span class='ocr_line' id='line_1_22' title="bbox 227 2974 1163 3083; baseline -0.005 -24"><span class='ocrx_word' id='word_1_128' title='bbox 227 2974 464 3076; x_wconf 69' lang='lat' dir='ltr'>educatione</span> <span class='ocrx_word' id='word_1_129' title='bbox 499 2975 624 3080; x_wconf 90' lang='lat' dir='ltr'>agitur</span> <span class='ocrx_word' id='word_1_130' title='bbox 657 2992 839 3083; x_wconf 86' lang='lat' dir='ltr'>tanquam</span> <span class='ocrx_word' id='word_1_131' title='bbox 869 2975 1051 3057; x_wconf 87' lang='lat' dir='ltr'>medendi</span> <span class='ocrx_word' id='word_1_132' title='bbox 1078 3001 1163 3056; x_wconf 78' lang='lat' dir='ltr'>tne-</span> 
     </span>
     <span class='ocr_line' id='line_1_23' title="bbox 220 3095 1162 3208; baseline -0.002 -23"><span class='ocrx_word' id='word_1_133' title='bbox 220 3098 374 3196; x_wconf 66' lang='lat' dir='ltr'>thodO,</span> <span class='ocrx_word' id='word_1_134' title='bbox 397 3103 438 3180; x_wconf 79' lang='lat' dir='ltr'>dc</span> <span class='ocrx_word' id='word_1_135' title='bbox 469 3095 544 3182; x_wconf 81' lang='lat' dir='ltr'>fine</span> <span class='ocrx_word' id='word_1_136' title='bbox 576 3095 655 3207; x_wconf 78' lang='lat' dir='ltr'>qud</span> <span class='ocrx_word' id='word_1_137' title='bbox 682 3124 757 3179; x_wconf 91' lang='lat' dir='ltr'>non</span> <span class='ocrx_word' id='word_1_138' title='bbox 790 3097 857 3179; x_wconf 80' lang='lat' dir='ltr'>nisi</span> <span class='ocrx_word' id='word_1_139' title='bbox 886 3124 1084 3208; x_wconf 82' lang='lat' dir='ltr'>perpaucae</span> <span class='ocrx_word' id='word_1_140' title='bbox 1105 3100 1162 3183; x_wconf 88' lang='lat' dir='ltr'>in·</span> 
     </span>
     <span class='ocr_line' id='line_1_24' title="bbox 233 3216 1163 3330; baseline 0.002 -29"><span class='ocrx_word' id='word_1_141' title='bbox 233 3216 431 3330; x_wconf 75' lang='lat' dir='ltr'>genitique</span> <span class='ocrx_word' id='word_1_142' title='bbox 450 3217 679 3301; x_wconf 78' lang='lat' dir='ltr'>nobilissimo</span> <span class='ocrx_word' id='word_1_143' title='bbox 711 3219 879 3327; x_wconf 86' lang='lat' dir='ltr'>praeditae</span> <span class='ocrx_word' id='word_1_144' title='bbox 911 3239 1163 3317; x_wconf 81' lang='lat' dir='ltr'>mentesaut</span> 
     </span>
     <span class='ocr_line' id='line_1_25' title="bbox 236 3344 1163 3456; baseline -0.001 -27"><span class='ocrx_word' id='word_1_145' title='bbox 236 3347 439 3433; x_wconf 80' lang='lat' dir='ltr'>lanitatem</span> <span class='ocrx_word' id='word_1_146' title='bbox 460 3344 610 3428; x_wconf 83' lang='lat' dir='ltr'>servant</span> <span class='ocrx_word' id='word_1_147' title='bbox 629 3348 870 3445; x_wconf 87' lang='lat' dir='ltr'>continuam,</span> <span class='ocrx_word' id='word_1_148' title='bbox 888 3367 957 3426; x_wconf 89' lang='lat' dir='ltr'>aut</span> <span class='ocrx_word' id='word_1_149' title='bbox 975 3349 1163 3456; x_wconf 84' lang='lat' dir='ltr'>interrup-</span> 
     </span>
     <span class='ocr_line' id='line_1_26' title="bbox 237 3466 1168 3579; baseline 0.009 -34"><span class='ocrx_word' id='word_1_150' title='bbox 237 3486 321 3554; x_wconf 83' lang='lat' dir='ltr'>tam</span> <span class='ocrx_word' id='word_1_151' title='bbox 345 3487 584 3577; x_wconf 85' lang='lat' dir='ltr'>recuperant.</span> <span class='ocrx_word' id='word_1_152' title='bbox 639 3469 719 3549; x_wconf 89' lang='lat' dir='ltr'>Cui</span> <span class='ocrx_word' id='word_1_153' title='bbox 737 3469 875 3552; x_wconf 85' lang='lat' dir='ltr'>itidem</span> <span class='ocrx_word' id='word_1_154' title='bbox 896 3466 1082 3552; x_wconf 84' lang='lat' dir='ltr'>subtilis</span> <span class='ocrx_word' id='word_1_155' title='bbox 1061 3475 1168 3579; x_wconf 88' lang='lat' dir='ltr'>cogi-</span> 
     </span>
     <span class='ocr_line' id='line_1_27' title="bbox 232 3585 1169 3709; baseline 0.005 -37.319"><span class='ocrx_word' id='word_1_156' title='bbox 232 3585 349 3682; x_wconf 58' lang='lat' dir='ltr'>&gt;tandi</span> <span class='ocrx_word' id='word_1_157' title='bbox 361 3587 544 3690; x_wconf 77' lang='lat' dir='ltr'>facilitas,</span> <span class='ocrx_word' id='word_1_158' title='bbox 551 3589 715 3709; x_wconf 85' lang='lat' dir='ltr'>elegans</span> <span class='ocrx_word' id='word_1_159' title='bbox 720 3612 891 3691; x_wconf 68' lang='lat' dir='ltr'>uenatus,</span> <span class='ocrx_word' id='word_1_160' title='bbox 906 3593 1008 3674; x_wconf 84' lang='lat' dir='ltr'>acin</span> <span class='ocrx_word' id='word_1_161' title='bbox 1017 3597 1169 3678; x_wconf 78' lang='lat' dir='ltr'>univer-</span> 
     </span>
     <span class='ocr_line' id='line_1_28' title="bbox 224 3700 1148 3866; baseline -0.005 -64.65"><span class='ocrx_word' id='word_1_162' title='bbox 224 3703 366 3825; x_wconf 61' lang='lat' dir='ltr'>lum</span> <span class='ocrx_word' id='word_1_163' title='bbox 354 3702 515 3866; x_wconf 54' lang='lat' dir='ltr'>lumnam</span> <span class='ocrx_word' id='word_1_164' title='bbox 518 3700 699 3825; x_wconf 69' lang='lat' dir='ltr'>ejusdem</span> <span class='ocrx_word' id='word_1_165' title='bbox 721 3714 854 3798; x_wconf 80' lang='lat' dir='ltr'>laudes</span> <span class='ocrx_word' id='word_1_166' title='bbox 874 3713 1078 3815; x_wconf 78' lang='lat' dir='ltr'>debentur.</span> <span class='ocrx_word' id='word_1_167' title='bbox 1143 3751 1148 3759; x_wconf 97' lang='lat'><em>·</em></span> 
     </span>
    </p>
   </div>
   <div class='ocr_carea' id='block_1_4' title="bbox 1020 3855 1170 3946">
    <p class='ocr_par' dir='ltr' id='par_1_4' title="bbox 1020 3855 1170 3946">
     <span class='ocr_line' id='line_1_29' title="bbox 1020 3855 1170 3946; baseline 0.013 -6"><span class='ocrx_word' id='word_1_168' title='bbox 1020 3855 1170 3946; x_wconf 78' lang='lat' dir='ltr'>Vetuna</span> 
     </span>
    </p>
   </div>
   <div class='ocr_carea' id='block_1_5' title="bbox 0 0 1276 4290">
    <p class='ocr_par' dir='ltr' id='par_1_5' title="bbox 0 0 1276 4290">
     <span class='ocr_line' id='line_1_30' title="bbox 0 0 1276 4290; baseline 0 0"><span class='ocrx_word' id='word_1_169' title='bbox 0 0 1276 4290; x_wconf 95' lang='lat' dir='ltr'> </span> 
     </span>
    </p>
   </div>
  </div>
 </body>
</html>
